@article{Goerigk2017,
    title = {{A look at the density functional theory zoo with the advanced GMTKN55 database for general main group thermochemistry, kinetics and noncovalent interactions}},
    year = {2017},
    journal = {Phy. Chem. Chem. Phy.},
    author = {Goerigk, Lars and Hansen, Andreas and Bauer, Christoph and Ehrlich, Stephan and Najibi, Asim and Grimme, Stefan},
    number = {48},
    month = {12},
    pages = {32184--32215},
    volume = {19},
    publisher = {The Royal Society of Chemistry},
    url = {http://xlink.rsc.org/?DOI=C7CP04913G},
    doi = {10.1039/C7CP04913G},
    issn = {1463-9076}
}

@article{Clerc2018,
    title = {{A pipeline to translate glycosaminoglycan sequences into 3D models. Application to the exploration of glycosaminoglycan conformational space}},
    year = {2018},
    journal = {Glycobiology},
    author = {Clerc, Olivier and Mariethoz, Julien and Rivet, Alain and Lisacek, Frédérique and P{\'{e}}rez, Serge and Ricard-Blum, Sylvie},
    month = {9},
    pages = {1--9},
    url = {https://academic.oup.com/glycob/advance-article/doi/10.1093/glycob/cwy084/5099147},
    doi = {10.1093/glycob/cwy084},
    issn = {1460-2423}
}

@article{Sarkar2015,
    title = {{A simple method for discovering druggable, specific glycosaminoglycan-protein systems. Elucidation of key principles from heparin/heparan sulfate-binding proteins}},
    year = {2015},
    journal = {PLoS ONE},
    author = {Sarkar, Aurijit and Desai, Umesh R.},
    number = {10},
    pages = {1--18},
    volume = {10},
    doi = {10.1371/journal.pone.0141127},
    issn = {19326203},
    pmid = {26488293}
}

@article{Zhang2018,
    title = {{A strategy to apply machine learning to small datasets in materials science}},
    year = {2018},
    journal = {Comp. Mat.},
    author = {Zhang, Ying and Ling, Chen},
    number = {1},
    month = {12},
    pages = {25},
    volume = {4},
    publisher = {Nature Publishing Group},
    url = {http://www.nature.com/articles/s41524-018-0081-z},
    doi = {10.1038/s41524-018-0081-z},
    issn = {2057-3960},
    keywords = {Computational methods, Theory and computation}
}

@article{McLaurin1999,
    title = {{A sulfated proteoglycan aggregation factor mediates amyloid-beta peptide fibril formation and neurotoxicity.}},
    year = {1999},
    journal = {Amyloid},
    author = {McLaurin, J and Franklin, T and Kuhns, W J and Fraser, P E},
    number = {4},
    month = {12},
    pages = {233--43},
    volume = {6},
    url = {http://www.ncbi.nlm.nih.gov/pubmed/10611943},
    issn = {1350-6129},
    pmid = {10611943}
}

@article{FerreiradeFreitas2017,
    title = {{A systematic analysis of atomic protein–ligand interactions in the PDB}},
    year = {2017},
    journal = {Med. Chem. Comm.},
    author = {Ferreira de Freitas, Renato and Schapira, Matthieu},
    number = {10},
    month = {10},
    pages = {1970--1981},
    volume = {8},
    publisher = {Royal Society of Chemistry},
    url = {http://xlink.rsc.org/?DOI=C7MD00381A},
    doi = {10.1039/C7MD00381A},
    issn = {2040-2503}
}

@article{Csonka2011,
    title = {{Accurate conformational energy differences of carbohydrates: A complete basis set extrapolation}},
    year = {2011},
    journal = {J. Chem. Theory Comput.},
    author = {Csonka, Gábor I. and Kaminsky, Jakub},
    pages = {988--997},
    volume = {7},
    isbn = {1549-9618},
    doi = {10.1021/ct200007x},
    issn = {15499618}
}

@incollection{Steinmetz2014,
    title = {{Accurate Thermochemistry for Large Molecules with Modern Density Functionals}},
    year = {2014},
    author = {Steinmetz, Marc and Hansen, Andreas and Ehrlich, Stephan and Risthaus, Tobias and Grimme, Stefan},
    pages = {1--23},
    url = {http://link.springer.com/10.1007/128_2014_543},
    doi = {10.1007/128{\_}2014{\_}543}
}

@article{WeijunHuang2001,
    title = {{Active Site of Chondroitin AC Lyase Revealed by the Structure of Enzyme−Oligosaccharide Complexes and Mutagenesis†,‡}},
    year = {2001},
    journal = {Biochem.},
    author = {Huang, W and Boju, L and Tkalec, T and Su, H and Yang, H and Gunay, N and Linhardt, R. J and Cygler, M},
    number = {8},
    pages = {2359--2372},
    volume = {40},
    publisher = {American Chemical Society},
    url = {https://pubs.acs.org/doi/abs/10.1021/bi0024254},
    doi = {10.1021/BI0024254}
}

@article{Feyzi1998,
    title = {{Age-dependent Modulation of Heparan Sulfate Structure and Function}},
    year = {1998},
    journal = {J. Biol. Chem.'},
    author = {Feyzi, Emadoldin and Saldeen, Tom and Larsson, Erik and Lindahl, Ulf and Salmivirta, Markku},
    number = {22},
    month = {5},
    pages = {13395--13398},
    volume = {273},
    url = {http://www.jbc.org/lookup/doi/10.1074/jbc.273.22.13395},
    doi = {10.1074/jbc.273.22.13395},
    issn = {0021-9258}
}

@article{Ciaglowski1985,
    title = {{Amino acid sequence homology between bovine and human platelet proteins}},
    year = {1985},
    journal = {Comparative Biochemistry and Physiology Part B: Comparative Biochemistry},
    author = {Ciaglowski, Raymond E. and Walz, Daniel A.},
    number = {4},
    month = {1},
    pages = {715--719},
    volume = {82},
    publisher = {Pergamon},
    url = {https://www.sciencedirect.com/science/article/pii/0305049185905140},
    doi = {10.1016/0305-0491(85)90514-0},
    issn = {0305-0491}
}

@article{Shionyu-Mitsuyama2003,
    title = {{An empirical approach for structure-based prediction of carbohydrate-binding sites on proteins}},
    year = {2003},
    journal = {Protein Eng. Des. Sel.},
    author = {Shionyu-Mitsuyama, C. and Shirai, T. and Ishida, H. and Yamane, T.},
    number = {7},
    month = {7},
    pages = {467--478},
    volume = {16},
    publisher = {Oxford University Press},
    url = {https://academic.oup.com/peds/article-lookup/doi/10.1093/protein/gzg065},
    doi = {10.1093/protein/gzg065},
    issn = {1741-0126}
}

@article{Shionyu-Mitsuyama2003a,
    title = {{An empirical approach for structure-based prediction of carbohydrate-binding sites on proteins.}},
    year = {2003},
    journal = {Prot. Eng.},
    author = {Shionyu-Mitsuyama, Clara and Shirai, Tsuyoshi and Ishida, Hirokazu and Yamane, Takashi},
    number = {7},
    month = {7},
    pages = {467--78},
    volume = {16},
    url = {http://www.ncbi.nlm.nih.gov/pubmed/12915724},
    issn = {0269-2139},
    pmid = {12915724}
}

@article{Taroni2000,
    title = {{Analysis and prediction of carbohydrate binding sites}},
    year = {2000},
    journal = {Protein Eng. Des. Sel.},
    author = {Taroni, Chiara and Jones, Susan and Thornton, Janet M.},
    number = {2},
    month = {2},
    pages = {89--98},
    volume = {13},
    publisher = {Oxford University Press},
    url = {https://academic.oup.com/peds/article-lookup/doi/10.1093/protein/13.2.89},
    doi = {10.1093/protein/13.2.89},
    issn = {1741-0134}
}

@article{Taroni2000a,
    title = {{Analysis and prediction of carbohydrate binding sites}},
    year = {2000},
    journal = {Prot. Eng. Des. Sel.},
    author = {Taroni, Chiara and Jones, Susan and Thornton, Janet M.},
    number = {2},
    month = {2},
    pages = {89--98},
    volume = {13},
    publisher = {Oxford University Press},
    url = {https://academic.oup.com/peds/article-lookup/doi/10.1093/protein/13.2.89},
    doi = {10.1093/protein/13.2.89},
    issn = {1741-0134}
}

@incollection{Krippahl2005,
    title = {{Applying Constraint Programming to Rigid Body Protein Docking}},
    year = {2005},
    author = {Krippahl, Ludwig and Barahona, Pedro},
    pages = {373--387},
    publisher = {Springer, Berlin, Heidelberg},
    url = {http://link.springer.com/10.1007/11564751_29},
    doi = {10.1007/11564751{\_}29}
}

@article{Sun1996,
    title = {{Are There Water-Bridge-Induced Hydrophilic Interactions?}},
    year = {1996},
    journal = {J. Phys. Chem.},
    author = {Sun, Yaxiong and Kollman, Peter},
    number = {16},
    month = {1},
    pages = {6760--6763},
    volume = {100},
    publisher = {American Chemical Society},
    url = {http://pubs.acs.org/doi/abs/10.1021/jp950840d},
    doi = {10.1021/jp950840d},
    issn = {0022-3654}
}

@article{H.Williams1998,
    title = {{Aspects of weak interactions}},
    year = {1998},
    journal = {Chem. Soc. Rev.},
    author = {H. Williams, Dudley and S. Westwell, Martin},
    number = {1},
    month = {1},
    pages = {57},
    volume = {27},
    publisher = {Royal Society of Chemistry},
    url = {http://xlink.rsc.org/?DOI=a827057z},
    doi = {10.1039/a827057z},
    issn = {0306-0012}
}

@article{Marianski2016,
    title = {{Assessing the Accuracy of Across-the-Scale Methods for Predicting Carbohydrate Conformational Energies for the Examples of Glucose and {$\alpha$}-Maltose}},
    year = {2016},
    journal = {J. Chem. Theory Comput.},
    author = {Marianski, Mateusz and Supady, Adriana and Ingram, Teresa and Schneider, Markus and Baldauf, Carsten},
    pages = {6157--6168},
    volume = {12},
    doi = {10.1021/acs.jctc.6b00876},
    issn = {15499626}
}

@article{Trott2010,
    title = {{AutoDock Vina: Improving the speed and accuracy of docking with a new scoring function, efficient optimization, and multithreading}},
    year = {2010},
    journal = {J. Comput. Chem.},
    author = {Trott, Oleg and Olson, Arthur J.},
    pages = {455--461},
    volume = {31},
    isbn = {1096-987X},
    doi = {10.1002/jcc.21334},
    issn = {01928651},
    pmid = {19499576},
    arxivId = {NIHMS150003},
    keywords = {AutoDock, Computer-aided drug design, Molecular docking, Multithreading, Scoring function, Virtual screening}
}

@article{Appell2004,
    title = {{B3LYP/6-311++G** study of {$\alpha$}- and {$\beta$}-d-glucopyranose and 1,5-anhydro-d-glucitol: 4C1 and 1C4 chairs, 3,OB and B3,O boats, and skew-boat conformations}},
    year = {2004},
    journal = {Carbohydr. Res.},
    author = {Appell, M. and Strati, G. and Willett, J.L. and Momany, F.A.},
    number = {3},
    month = {2},
    pages = {537--551},
    volume = {339},
    url = {http://linkinghub.elsevier.com/retrieve/pii/S0008621503005573},
    doi = {10.1016/j.carres.2003.10.014},
    issn = {00086215}
}

@article{Kerzmann2008,
    title = {{BALLDock/SLICK: A new method for protein-carbohydrate docking}},
    year = {2008},
    journal = {J. Chem. Theory Comput.},
    author = {Kerzmann, Andreas and Fuhrmann, Jan and Kohlbacher, Oliver and Neumann, Dirk},
    isbn = {9781493923434},
    doi = {10.1021/ci800103u},
    issn = {15499596},
    pmid = {18646839}
}

@article{Kerzmann2008a,
    title = {{BALLDock/SLICK: A new method for protein-carbohydrate docking}},
    year = {2008},
    journal = {J. Chem. Theory Comput.},
    author = {Kerzmann, Andreas and Fuhrmann, Jan and Kohlbacher, Oliver and Neumann, Dirk},
    isbn = {9781493923434},
    doi = {10.1021/ci800103u},
    issn = {15499596},
    pmid = {18646839}
}

@article{Makeneni2014,
    title = {{BFMP: A method for discretizing and visualizing pyranose conformations}},
    year = {2014},
    journal = {J. Chem. Theory Comput.},
    author = {Makeneni, Spandana and Foley, B. Lachele and Woods, Robert J.},
    isbn = {1549-960X (Electronic){\textbackslash}n1549-9596 (Linking)},
    doi = {10.1021/ci500325b},
    issn = {15205142},
    pmid = {25289680}
}

@article{Frevert2003,
    title = {{Binding of Interleukin-8 to Heparan Sulfate and Chondroitin Sulfate in Lung Tissue}},
    year = {2003},
    journal = {American Journal of Respiratory Cell and Molecular Biology},
    author = {Frevert, Charles W. and Kinsella, Michael G. and Vathanaprida, Charie and Goodman, Richard B. and Baskin, Denis G. and Proudfoot, Amanda and Wells, Timothy N. C. and Wight, Thomas N. and Martin, Thomas R.},
    number = {4},
    month = {4},
    pages = {464--472},
    volume = {28},
    url = {http://www.atsjournals.org/doi/abs/10.1165/rcmb.2002-0084OC},
    doi = {10.1165/rcmb.2002-0084OC},
    issn = {1044-1549}
}

@article{Webb1993,
    title = {{Binding to heparan sulfate or heparin enhances neutrophil responses to interleukin 8.}},
    year = {1993},
    journal = {Proceedings of the National Academy of Sciences},
    author = {Webb, L. M. and Ehrengruber, M. U. and Clark-Lewis, I. and Baggiolini, M. and Rot, A.},
    number = {15},
    month = {8},
    pages = {7158--7162},
    volume = {90},
    url = {http://www.pnas.org/cgi/doi/10.1073/pnas.90.15.7158},
    doi = {10.1073/pnas.90.15.7158},
    issn = {0027-8424}
}

@article{Hu2017,
    title = {{Bioinformatics of glycosaminoglycans}},
    year = {2017},
    journal = {Perspect. Sci.},
    author = {Hu, Han and Mao, Yang and Huang, Yu and Lin, Cheng and Zaia, Joseph},
    doi = {10.1016/j.pisc.2016.01.014},
    issn = {2213-0209},
    keywords = {Divide-and-conquer, Electron transfer dissociation, Glycosaminoglycan, Heparan sulfate, Tandem mass spectrometry}
}

@book{Varki2009a,
    title = {{Biological Roles of Glycans}},
    year = {2009},
    booktitle = {Essentials of Glycobiology},
    author = {Varki, Ajit and Lowe, John B},
    url = {http://www.ncbi.nlm.nih.gov/pubmed/20301233},
    isbn = {9780879697709},
    pmid = {20301233}
}

@article{Dror2012,
    title = {{Biomolecular Simulation: A Computational Microscope for Molecular Biology}},
    year = {2012},
    journal = {Ann. Rev. Biophys.},
    author = {Dror, Ron O. and Dirks, Robert M. and Grossman, J.P. and Xu, Huafeng and Shaw, David E.},
    number = {1},
    month = {6},
    pages = {429--452},
    volume = {41},
    publisher = {Annual Reviews},
    url = {http://www.annualreviews.org/doi/10.1146/annurev-biophys-042910-155245},
    doi = {10.1146/annurev-biophys-042910-155245},
    issn = {1936-122X},
    keywords = {Anton, drug binding, millisecond timescale, molecular dynamics, protein folding}
}

@article{Gandhi2010,
    title = {{Can current force fields reproduce ring puckering in 2-O-sulfo-{$\alpha$}-l-iduronic acid? A molecular dynamics simulation study}},
    year = {2010},
    journal = {Carbohydr. Res.},
    author = {Gandhi, Neha S. and Mancera, Ricardo L.},
    number = {5},
    pages = {689--695},
    volume = {345},
    publisher = {Elsevier Ltd},
    url = {http://dx.doi.org/10.1016/j.carres.2009.12.020},
    isbn = {0008-6215},
    doi = {10.1016/j.carres.2009.12.020},
    issn = {00086215},
    pmid = {20097328},
    keywords = {GLYCAM, GROMOS, Iduronic acid, Molecular dynamics, Puckering}
}

@article{Nivedha2015,
    title = {{Carbohydrate Docking : Sorting the Wheat from the Chaff}},
    year = {2015},
    journal = {J Comput Chem},
    author = {Nivedha, Anita K and Makeneni, Spandana and Foley, B Lachele and Tessier, Matthew B and Woods, Robert J},
    number = {7},
    pages = {526--539},
    volume = {35},
    doi = {10.1002/jcc.23517.The}
}

@article{Lutteke2005a,
    title = {{Carbohydrate Structure Suite (CSS): analysis of carbohydrate 3D structures derived from the PDB.}},
    year = {2005},
    journal = {Nucleic Acids Res.},
    author = {L{\"{u}}tteke, Thomas and Frank, Martin and von der Lieth, Claus-W},
    number = {Database issue},
    month = {1},
    pages = {242--6},
    volume = {33},
    publisher = {Oxford University Press},
    url = {http://www.ncbi.nlm.nih.gov/pubmed/15608187 http://www.pubmedcentral.nih.gov/articlerender.fcgi?artid=PMC539967},
    doi = {10.1093/nar/gki013},
    issn = {1362-4962},
    pmid = {15608187}
}

@article{Lutteke2005,
    title = {{Carbohydrate Structure Suite (CSS): analysis of carbohydrate 3D structures derived from the PDB.}},
    year = {2005},
    journal = {Nucleic Acids Res.},
    author = {L{\"{u}}tteke, Thomas and Frank, Martin and von der Lieth, Claus-W},
    number = {Database issue},
    month = {1},
    pages = {242--6},
    volume = {33},
    publisher = {Oxford University Press},
    url = {http://www.ncbi.nlm.nih.gov/pubmed/15608187 http://www.pubmedcentral.nih.gov/articlerender.fcgi?artid=PMC539967},
    doi = {10.1093/nar/gki013},
    issn = {1362-4962},
    pmid = {15608187}
}

@article{Asensio2013,
    title = {{Carbohydrate-aromatic interactions}},
    year = {2013},
    journal = {Acc. Chem. Res},
    author = {Asensio, Juan Luis and Ard{\'{a}}, Ana and Ca{\~{n}}ada, Francisco Javier and Jim{\'{e}}nez-Barbero, Jesús},
    isbn = {0001-4842},
    doi = {10.1021/ar300024d},
    issn = {00014842},
    pmid = {22704792}
}

@article{Bryce2001,
    title = {{Carbohydrate-Protein Recognition: Molecular Dynamics Simulations and Free Energy Analysis of Oligosaccharide Binding to Concanavalin A}},
    year = {2001},
    journal = {Biophysical Journal},
    author = {Bryce, R.A. and Hillier, I.H. and Naismith, J.H.},
    number = {3},
    month = {9},
    pages = {1373--1388},
    volume = {81},
    publisher = {Cell Press},
    url = {https://www.sciencedirect.com/science/article/pii/S0006349501757931},
    doi = {10.1016/S0006-3495(01)75793-1},
    issn = {0006-3495}
}

@article{Liu2014,
    title = {{Chemoenzymatic synthesis of heparan sulfate and heparin.}},
    year = {2014},
    journal = {Nat. Prod. Rep.},
    author = {Liu, Jian and Linhardt, Robert J},
    number = {12},
    month = {12},
    pages = {1676--1685},
    volume = {31},
    publisher = {NIH Public Access},
    url = {http://www.ncbi.nlm.nih.gov/pubmed/25197032 http://www.pubmedcentral.nih.gov/articlerender.fcgi?artid=PMC4387879},
    doi = {10.1039/c4np00076e},
    issn = {1460-4752},
    pmid = {25197032}
}

@article{Comeau2007,
    title = {{ClusPro: Performance in CAPRI rounds 6-11 and the new server}},
    year = {2007},
    journal = {Prot. Struct. Funct. Bioinf.},
    author = {Comeau, Stephen R. and Kozakov, Dima and Brenke, Ryan and Shen, Yang and Beglov, Dmitri and Vajda, Sandor},
    number = {4},
    month = {9},
    pages = {781--785},
    volume = {69},
    publisher = {Wiley-Blackwell},
    url = {http://doi.wiley.com/10.1002/prot.21795},
    doi = {10.1002/prot.21795},
    issn = {08873585},
    keywords = {discrimination by clustering, docking server, fast fourier transform correlation method, protein docking, web‐based computing}
}

@article{Samsonov2016,
    title = {{Computational analysis of interactions in structurally available protein–glycosaminoglycan complexes}},
    year = {2016},
    journal = {Glycobiology},
    author = {Samsonov, Sergey A and Pisabarro, M Teresa},
    number = {8},
    month = {8},
    pages = {850--861},
    volume = {26},
    publisher = {Oxford University Press},
    url = {https://academic.oup.com/glycob/article-lookup/doi/10.1093/glycob/cww055},
    doi = {10.1093/glycob/cww055},
    issn = {0959-6658}
}

@article{Babik2017,
    title = {{Computational drill down on FGF1-heparin interactions through methodological evaluation}},
    year = {2017},
    journal = {Glycoconjugate Journal},
    author = {Babik, Sándor and Samsonov, Sergey A. and Pisabarro, M. Teresa},
    number = {3},
    pages = {427--440},
    volume = {34},
    publisher = {Glycoconjugate Journal},
    doi = {10.1007/s10719-016-9745-4},
    issn = {15734986},
    keywords = {Docking, FGF, GAG, Heparin, MM-GBSA, Molecular dynamics, Site-mapping}
}

@article{Potenzone1978,
    title = {{Conformational Analysis of Glycosaminoglycans. III. Conformational Properties of Hyaluronic Acid and Sodium Hyaluronate}},
    year = {1978},
    journal = {Polym. J},
    author = {Potenzone, R and Hopfinger, A J},
    number = {2},
    month = {2},
    pages = {181--199},
    volume = {10},
    publisher = {Nature Publishing Group},
    url = {http://www.nature.com/doifinder/10.1295/polymj.10.181},
    doi = {10.1295/polymj.10.181},
    issn = {0032-3896}
}

@article{VanBoeckel1987,
    title = {{Conformational analysis of synthetic heparin-like oligosaccharides containing {$\alpha$}-L-idopyranosyluronic acid}},
    year = {1987},
    journal = {Recueil des Travaux Chimiques des Pays-Bas},
    author = {van Boeckel, C. A. A. and van Aelst, S. F. and Wagenaars, G. N. and Mellema, J.-R. and Paulsen, H. and Peters, T. and Pollex, A. and Sinnwell, V.},
    number = {1},
    month = {9},
    pages = {19--29},
    volume = {106},
    publisher = {Wiley-Blackwell},
    url = {http://doi.wiley.com/10.1002/recl.19871060102},
    doi = {10.1002/recl.19871060102}
}

@article{Nieto2011,
    title = {{Conformational Selection of the AGA*IAM Heparin Pentasaccharide when Bound to the Fibroblast Growth Factor Receptor}},
    year = {2011},
    journal = {Chem. Euro. J.},
    author = {Nieto, Lidia and Canales, Ángeles and Gim{\'{e}}nez-Gallego, Guillermo and Nieto, Pedro M. and Jim{\'{e}}nez-Barbero, Jesús},
    number = {40},
    month = {9},
    pages = {11204--11209},
    volume = {17},
    url = {http://doi.wiley.com/10.1002/chem.201101000},
    doi = {10.1002/chem.201101000},
    issn = {09476539}
}

@article{Ferro1990,
    title = {{Conformer populations of l-iduronic acid residues in glycosaminoglycan sequences}},
    year = {1990},
    journal = {Carbohydr. Res.},
    author = {Ferro, Dino R. and Provasoli, Augusto and Ragazzi, Massimo and Casu, Benito and Torri, Giangiacomo and Bossennec, Veronique and Perly, Bruno and Sina{\"{y}}, Pierre and Petitou, Maurice and Choay, Jean},
    number = {2},
    month = {1},
    pages = {157--167},
    volume = {195},
    publisher = {Elsevier},
    url = {https://www.sciencedirect.com/science/article/abs/pii/000862159084164P},
    doi = {10.1016/0008-6215(90)84164-P},
    issn = {0008-6215}
}

@phdthesis{Nivedha,
    title = {{Consideration of glycosidic torsion angle preferences and CH/{$\pi$} interactions in protein-carbohydrate docking}},
    year = {2015},
    author = {Nivedha, Anita Karen},
    pages = {1--152},
    url = {https://getd.libs.uga.edu/pdfs/nivedha_anita_k_201512_phd.pdf},
    school = {The University of Georgia}
}

@article{Noor2013,
    title = {{Consistent Estimation of Gibbs Energy Using Component Contributions}},
    year = {2013},
    journal = {PLoS Comp. Bio.},
    author = {Noor, Elad and Haraldsd{\'{o}}ttir, Hulda S. and Milo, Ron and Fleming, Ronan M. T.},
    editor = {Beard, Daniel A.},
    number = {7},
    month = {7},
    pages = {e1003098},
    volume = {9},
    url = {http://dx.plos.org/10.1371/journal.pcbi.1003098},
    doi = {10.1371/journal.pcbi.1003098},
    issn = {1553-7358}
}

@article{Huang1999,
    title = {{Crystal structure of chondroitinase B from Flavobacterium heparinum and its complex with a disaccharide product at 1.7 {\AA} resolution}},
    year = {1999},
    journal = {J. Mol. Bio.},
    author = {Huang, Weijun and Matte, Allan and Li, Yunge and Kim, Yeong Shik and Linhardt, Robert J. and Su, Hongsheng and Cygler, Miroslaw},
    pages = {1257--1269},
    volume = {249},
    isbn = {0022-2836 (Print) 0022-2836 (Linking)},
    doi = {10.1006/jmbi.1999.3292},
    issn = {00222836},
    pmid = {10600383},
    keywords = {Flavobacterium heparinum, Glycosaminoglycan, Lyase, {$\beta$}-helix}
}

@article{Shaya2006,
    title = {{Crystal structure of heparinase II from Pedobacter heparinus and its complex with a disaccharide product}},
    year = {2006},
    journal = {J. Biol. Chem.},
    author = {Shaya, David and Tocilj, Ante and Li, Yunge and Myette, James and Venkataraman, Ganesh and Sasisekharan, Ram and Cygler, Miroslaw},
    number = {22},
    pages = {15525--15535},
    volume = {281},
    isbn = {0021-9258 (Print){\textbackslash}r0021-9258 (Linking)},
    doi = {10.1074/jbc.M512055200},
    issn = {00219258},
    pmid = {16565082}
}

@article{Baldwin1991,
    title = {{Crystal structure of interleukin 8: symbiosis of NMR and crystallography.}},
    year = {1991},
    journal = {Proceedings of the National Academy of Sciences of the United States of America},
    author = {Baldwin, E T and Weber, I T and St Charles, R and Xuan, J C and Appella, E and Yamada, M and Matsushima, K and Edwards, B F and Clore, G M and Gronenborn, A M},
    number = {2},
    month = {1},
    pages = {502--6},
    volume = {88},
    url = {http://www.ncbi.nlm.nih.gov/pubmed/1988949 http://www.pubmedcentral.nih.gov/articlerender.fcgi?artid=PMC50839},
    issn = {0027-8424},
    pmid = {1988949}
}

@article{Chang2002,
    title = {{Crystal Structure of Interleukin-19 Defines a New Subfamily of Helical Cytokines* Downloaded from}},
    year = {2002},
    journal = {J. Biomol. Chem.},
    author = {Chang, Changsoo and Magracheva, Eugenia and Kozlov, Serguei and Fong, Steven and Tobin, Gregory and Kotenko, Sergei and Wlodawer, Alexander and Zdanov, Alexander},
    number = {5},
    pages = {3308--3313},
    volume = {278},
    publisher = {JBC Papers in Press},
    url = {http://www.rcsb.org/},
    doi = {10.1074/jbc.M208602200}
}

@techreport{Ikemizu1999,
    title = {{Crystal structure of the CD2-binding domain of CD58 (lymphocyte function-associated antigen 3) at 1.8-{\AA} resolution}},
    year = {1999},
    booktitle = {Biochem.},
    author = {Ikemizu, Shinji and Sparks, Lisa M and Anton Van Der Merwe, P and Harlos, Karl and Stuart, David I and Yvonne Jones, E and Davis, Simon J},
    pages = {4289--4294},
    volume = {96},
    url = {www.pnas.org.}
}

@article{Li2012,
    title = {{Crystal structures of protease nexin-1 in complex with heparin and thrombin suggest a 2-step recognition mechanism}},
    year = {2012},
    journal = {Blood},
    author = {Li, Wei and Huntington, James A.},
    number = {2},
    pages = {459--467},
    volume = {120},
    isbn = {1528-0020 (Electronic){\textbackslash}r0006-4971 (Linking)},
    doi = {10.1182/blood-2012-03-415869},
    issn = {00064971},
    pmid = {22618708}
}

@incollection{Lutteke2009,
    title = {{Data Mining the PDB for Glyco-Related Data}},
    year = {2009},
    booktitle = {Glycomics},
    author = {L{\"{u}}tteke, Thomas and Lieth, Claus W.},
    pages = {293--310},
    publisher = {Humana Press},
    url = {http://link.springer.com/10.1007/978-1-59745-022-5_21},
    address = {Totowa, NJ},
    doi = {10.1007/978-1-59745-022-5{\_}21}
}

@article{Sattelle2012,
    title = {{Dependence of Pyranose Ring Puckering on Anomeric Configuration: Methyl Idopyranosides}},
    year = {2012},
    journal = {J. Phys. Chem. B},
    author = {Sattelle, Benedict M. and Bose-Basu, Bidisha and Tessier, Matthew and Woods, Robert J. and Serianni, Anthony S. and Almond, Andrew},
    number = {22},
    month = {6},
    pages = {6380--6386},
    volume = {116},
    publisher = {American Chemical Society},
    url = {http://pubs.acs.org/doi/10.1021/jp303183y},
    doi = {10.1021/jp303183y},
    issn = {1520-6106}
}

@article{Pol-Fachin2008,
    title = {{Depiction of the forces participating in the 2-O-sulfo-{$\alpha$}-l-iduronic acid conformational preference in heparin sequences in aqueous solutions}},
    year = {2008},
    journal = {Carbohydr. Res.},
    author = {Pol-Fachin, Laercio and Verli, Hugo},
    number = {9},
    month = {7},
    pages = {1435--1445},
    volume = {343},
    url = {http://linkinghub.elsevier.com/retrieve/pii/S0008621508002024},
    doi = {10.1016/j.carres.2008.04.016},
    issn = {00086215}
}

@article{Agostino2014,
    title = {{Development and application of site mapping methods for the design of glycosaminoglycans}},
    year = {2014},
    journal = {Glycobiology},
    author = {Agostino, Mark and Gandhi, Neha S. and Mancera, Ricardo L.},
    number = {9},
    pages = {840--851},
    volume = {24},
    doi = {10.1093/glycob/cwu045},
    issn = {14602423},
    pmid = {24859723},
    keywords = {glycosaminoglycans, interaction analysis, molecular docking, site mapping, virtual screening}
}

@article{Moustakas2006,
    title = {{Development and validation of a modular, extensible docking program: DOCK 5}},
    year = {2006},
    journal = {J. Comp. Mol. Des.},
    author = {Moustakas, Demetri T. and Lang, P. Therese and Pegg, Scott and Pettersen, Eric and Kuntz, Irwin D. and Brooijmans, Natasja and Rizzo, Robert C.},
    isbn = {0920-654X},
    doi = {10.1007/s10822-006-9060-4},
    issn = {0920654X},
    pmid = {17149653},
    keywords = {Automated docking, Binding mode prediction, Flexible docking, Incremental construction, Scoring functions, Structure-based drug design, Validation}
}

@article{Nasser2009,
    title = {{Differential activation and regulation of CXCR1 and CXCR2 by CXCL8 monomer and dimer.}},
    year = {2009},
    journal = {Journal of immunology (Baltimore, Md. : 1950)},
    author = {Nasser, Mohd W and Raghuwanshi, Sandeep K and Grant, Delores J and Jala, Venkatakrishna R and Rajarathnam, Krishna and Richardson, Ricardo M},
    number = {5},
    month = {9},
    pages = {3425--32},
    volume = {183},
    publisher = {NIH Public Access},
    url = {http://www.ncbi.nlm.nih.gov/pubmed/19667085 http://www.pubmedcentral.nih.gov/articlerender.fcgi?artid=PMC2860795},
    doi = {10.4049/jimmunol.0900305},
    issn = {1550-6606},
    pmid = {19667085}
}

@article{Hu2012,
    title = {{Divergent synthesis of 48 heparan sulfate-based disaccharides and probing the specific sugar-fibroblast growth factor-1 interaction}},
    year = {2012},
    journal = {JACS},
    author = {Hu, Yu Peng and Zhong, Yong Qing and Chen, Zhi Geng and Chen, Chun Yen and Shi, Zhonghao and Zulueta, Medel Manuel L and Ku, Chiao Chu and Lee, Pei Ying and Wang, Cheng Chung and Hung, Shang Cheng},
    number = {51},
    pages = {20722--20727},
    volume = {134},
    isbn = {1520-5126 (Electronic){\textbackslash}r0002-7863 (Linking)},
    doi = {10.1021/ja3090065},
    issn = {00027863},
    pmid = {23240683}
}

@article{Mottarella2014,
    title = {{Docking Server for the Identification of Heparin Binding Sites on Proteins}},
    year = {2014},
    journal = {J. Chem. Theory Comput.},
    author = {Mottarella, Scott E. and Beglov, Dmitri and Beglova, Natalia and Nugent, Matthew A. and Kozakov, Dima and Vajda, Sandor},
    number = {7},
    month = {7},
    pages = {2068--2078},
    volume = {54},
    url = {http://www.ncbi.nlm.nih.gov/pubmed/24974889 http://www.pubmedcentral.nih.gov/articlerender.fcgi?artid=PMC4184157 http://pubs.acs.org/doi/10.1021/ci500115j},
    doi = {10.1021/ci500115j},
    issn = {1549-9596},
    pmid = {24974889}
}

@article{Sattelle2013,
    title = {{Does Microsecond Sugar Ring Flexing Encode 3D-Shape and Bioactivity in the Heparanome?}},
    year = {2013},
    journal = {Biomacromolecules},
    author = {Sattelle, Benedict M and Shakeri, Javad and Almond, Andrew},
    pages = {20},
    volume = {14},
    publisher = {UTC},
    url = {https://pubs.acs.org/sharingguidelines},
    doi = {10.1021/bm400067g}
}

@article{Zhang2009,
    title = {{Doubly hybrid density functional for accurate descriptions of nonbond interactions, thermochemistry, and thermochemical kinetics.}},
    year = {2009},
    journal = {Proc. Nat. Acad. Sci. U.S.A},
    author = {Zhang, Ying and Xu, Xin and Goddard, William A},
    number = {13},
    month = {3},
    pages = {4963--8},
    volume = {106},
    publisher = {National Academy of Sciences},
    url = {http://www.ncbi.nlm.nih.gov/pubmed/19276116 http://www.pubmedcentral.nih.gov/articlerender.fcgi?artid=PMC2664054},
    doi = {10.1073/pnas.0901093106},
    issn = {1091-6490},
    pmid = {19276116}
}

@article{Farshi2011,
    title = {{Dual roles of the Cardin-Weintraub motif in multimeric Sonic hedgehog.}},
    year = {2011},
    journal = {J. Biol. Chem.},
    author = {Farshi, Pershang and Ohlig, Stefanie and Pickhinke, Ute and H{\"{o}}ing, Susanne and Jochmann, Katja and Lawrence, Roger and Dreier, Rita and Dierker, Tabea and Grobe, Kay},
    number = {26},
    month = {7},
    pages = {23608--19},
    volume = {286},
    publisher = {American Society for Biochemistry and Molecular Biology},
    url = {http://www.ncbi.nlm.nih.gov/pubmed/21572042 http://www.pubmedcentral.nih.gov/articlerender.fcgi?artid=PMC3123124},
    doi = {10.1074/jbc.M110.206474},
    issn = {1083-351X},
    pmid = {21572042}
}

@book{Miljkovic2014,
    title = {{Electrostatic and Stereoelectronic Effects in Carbohydrate Chemistry}},
    year = {2014},
    author = {Miljkovic, Momcilo},
    publisher = {Springer US},
    url = {http://link.springer.com/10.1007/978-1-4614-8268-0},
    address = {Boston, MA},
    isbn = {978-1-4614-8267-3},
    doi = {10.1007/978-1-4614-8268-0}
}

@article{Thompson1994,
    title = {{Energetic Characterization of the Basic Fibroblast Growth Factor-Heparin Interaction: Identification of the Heparin Binding Domain}},
    year = {1994},
    journal = {Biochem.},
    author = {Thompson, Leo D. and Pantoliano, Michael W. and Springer, Barry A.},
    number = {13},
    month = {4},
    pages = {3831--3840},
    volume = {33},
    publisher = {American Chemical Society},
    url = {http://pubs.acs.org/doi/abs/10.1021/bi00179a006},
    doi = {10.1021/bi00179a006},
    issn = {0006-2960}
}

@article{Ellyard2007,
    title = {{Eotaxin selectively binds heparin. An interaction that protects eotaxin from proteolysis and potentiates chemotactic activity in vivo.}},
    year = {2007},
    journal = {The Journal of biological chemistry},
    author = {Ellyard, Julia I and Simson, Ljubov and Bezos, Anna and Johnston, Kellie and Freeman, Craig and Parish, Christopher R},
    number = {20},
    month = {5},
    pages = {15238--47},
    volume = {282},
    publisher = {American Society for Biochemistry and Molecular Biology},
    url = {http://www.ncbi.nlm.nih.gov/pubmed/17384413},
    doi = {10.1074/jbc.M608046200},
    issn = {0021-9258},
    pmid = {17384413}
}

@book{Ferguson2009,
    title = {{Essentials of Glycobiology. 2nd edition}},
    year = {2009},
    booktitle = {Essentials of Glycobiology. 2nd edition. Cold Spring Harbor (NY): Cold Spring Harbor Laboratory Press; 2009. Chapter 11. Figure 11.6},
    author = {Ferguson, Michael AJ and Kinoshita, Taroh and Hart, Gerald W},
    isbn = {9780879697709},
    doi = {10.1016/S0962-8924(00)01855-9},
    issn = {09628924},
    pmid = {20301244},
    arxivId = {NBK1917}
}

@article{Sarkar2016,
    title = {{Estimating glycosaminoglycan-protein interaction affinity: water dominates the specific antithrombin-heparin interaction.}},
    year = {2016},
    journal = {Glycobiology},
    author = {Sarkar, Aurijit and Yu, Wenbo and Desai, Umesh R and MacKerell, Alexander D and Mosier, Philip D},
    number = {10},
    pages = {1041--1047},
    volume = {26},
    publisher = {Oxford University Press},
    url = {http://www.ncbi.nlm.nih.gov/pubmed/27496757 http://www.pubmedcentral.nih.gov/articlerender.fcgi?artid=PMC5072149},
    doi = {10.1093/glycob/cww073},
    issn = {1460-2423},
    pmid = {27496757},
    keywords = {CHARMM, desolvation, free-energy perturbation, molecular dynamics, specificity}
}

@article{Brohee2006,
    title = {{Evaluation of clustering algorithms for protein-protein interaction networks.}},
    year = {2006},
    journal = {BMC Bioinformatics},
    author = {Broh{\'{e}}e, Sylvain and van Helden, Jacques},
    number = {1},
    month = {11},
    pages = {488},
    volume = {7},
    url = {http://www.ncbi.nlm.nih.gov/pubmed/17087821 http://www.pubmedcentral.nih.gov/articlerender.fcgi?artid=PMC1637120 http://bmcbioinformatics.biomedcentral.com/articles/10.1186/1471-2105-7-488},
    doi = {10.1186/1471-2105-7-488},
    issn = {14712105},
    pmid = {17087821}
}

@article{Csonka,
    title = {{Evaluation of Density Functionals and Basis Sets for Carbohydrates}},
    year = {2009},
    journal = {J. Chem. Theory Comput.},
    author = {Csonka, Gábor I and French, Alfred D and Johnson, Glenn P and Stortz, Carlos A},
    pages = {679--692},
    volume = {5},
    url = {https://pubs.acs.org/sharingguidelines},
    doi = {10.1021/ct8004479}
}

@article{Ferro1986a,
    title = {{Evidence for Conformational Equilibrium of the Sulfated L-Iduronate Residue in Heparin and in Synthetic Heparin Mono- and Oligosaccharides: NMR and Force-Field Studies}},
    year = {1986},
    journal = {JACS},
    author = {Ferro, Dino R. and Provasoli, Augusto and Ragazzi, Massimo and Torri, Giangiacomo and Casu, Benito and Gatti, Giuseppe and Jacquinet, Jean Claude and Sina{\"{y}}, Pierre and Petitou, Maurice and Choay, Jean},
    number = {21},
    pages = {6773--6778},
    volume = {108},
    isbn = {0002-7863},
    doi = {10.1021/ja00281a052},
    issn = {15205126}
}

@article{Ferro1986,
    title = {{Evidence for Conformational Equilibrium of the Sulfated L-Iduronate Residue in Heparin and in Synthetic Heparin Mono-and Oligosaccharides: NMR and Force-Field Studies}},
    year = {1986},
    journal = {J. Am. Chem. Soc},
    author = {Ferro, Dino R and Provasoli, Augusto and Ragazzi, Massimo and Torri, Giangiacomo and Casu, Benito and Gatti, Giuseppe and Jacquinet, Jean-Claude and Sinay, Pierre and Petitou, Maurice and Choay11, Jean},
    pages = {6773--6778},
    volume = {108},
    url = {https://pubs.acs.org/sharingguidelines}
}

@article{Singh2016,
    title = {{Extension and validation of the GLYCAM force field parameters for modeling glycosaminoglycans}},
    year = {2016},
    journal = {Can. J. Chem.},
    author = {Singh, Arunima and Tessier, Matthew B. and Pederson, Kari and Wang, Xiaocong and Venot, Andre P. and Boons, Geert-Jan and Prestegard, James H. and Woods, Robert J.},
    number = {11},
    month = {11},
    pages = {927--935},
    volume = {94},
    publisher = {NRC Research Press},
    url = {http://www.nrcresearchpress.com/doi/10.1139/cjc-2015-0606},
    doi = {10.1139/cjc-2015-0606},
    issn = {0008-4042},
    keywords = {GLYCAM, cr{\'{e}}ation d’un champ de force, force field development, glycosaminoglycanes, glycosaminoglycans, heparin, h{\'{e}}parine}
}

@article{Guimond1999,
    title = {{Fibroblast growth factor receptor signalling is dictated by specific heparan sulphate saccharides.}},
    year = {1999},
    journal = {Curr. Bio.},
    author = {Guimond, S E and Turnbull, J E},
    number = {22},
    month = {11},
    pages = {1343--6},
    volume = {9},
    url = {http://www.ncbi.nlm.nih.gov/pubmed/10574766},
    doi = {10.1016/s0960-9822(00)80060-3},
    issn = {0960-9822},
    pmid = {10574766}
}

@article{Raghuraman2006,
    title = {{Finding a Needle in a Haystack: Development of a Combinatorial Virtual Screening Approach for Identifying High Specificity Heparin/Heparan Sulfate Sequence(s)}},
    year = {2006},
    journal = {J. Med. Chem.},
    author = {Raghuraman, Arjun and Mosier, Philip D. and Desai, Umesh R.},
    number = {12},
    month = {6},
    pages = {3553--3562},
    volume = {49},
    url = {http://www.ncbi.nlm.nih.gov/pubmed/16759098 http://www.pubmedcentral.nih.gov/articlerender.fcgi?artid=PMC2516555 http://pubs.acs.org/doi/abs/10.1021/jm060092o},
    doi = {10.1021/jm060092o},
    issn = {0022-2623},
    pmid = {16759098}
}

@article{Samsonov2014a,
    title = {{Flexibility and Explicit Solvent in Molecular-Dynamics-Based Docking of Protein–Glycosaminoglycan Systems}},
    year = {2014},
    journal = {J. Chem. Theory Comput.},
    author = {Samsonov, Sergey A. and Gehrcke, Jan-Philip and Pisabarro, M. Teresa},
    number = {2},
    month = {2},
    pages = {582--592},
    volume = {54},
    publisher = {American Chemical Society},
    url = {http://pubs.acs.org/doi/10.1021/ci4006047},
    doi = {10.1021/ci4006047},
    issn = {1549-9596}
}

@article{Samsonov2014,
    title = {{Flexibility and Explicit Solvent in Molecular-Dynamics-Based Docking of Protein–Glycosaminoglycan Systems}},
    year = {2014},
    journal = {J. Chem. Theory Comput.},
    author = {Samsonov, Sergey A. and Gehrcke, Jan-Philip and Pisabarro, M. Teresa},
    number = {2},
    month = {2},
    pages = {582--592},
    volume = {54},
    publisher = {American Chemical Society},
    url = {http://pubs.acs.org/doi/10.1021/ci4006047},
    doi = {10.1021/ci4006047},
    issn = {1549-9596}
}

@article{Gandhi2009,
    title = {{Free energy calculations of glycosaminoglycan - Protein interactions}},
    year = {2009},
    journal = {Glycobiology},
    author = {Gandhi, Neha S. and Mancera, Ricardo L.},
    number = {10},
    pages = {1103--1115},
    volume = {19},
    doi = {10.1093/glycob/cwp101},
    issn = {09596658},
    pmid = {19643843},
    keywords = {AMBER, Annexin, GLYCAM, Heparin, PECAM-1}
}

@article{Cremer1975,
    title = {{General definition of ring puckering coordinates}},
    year = {1975},
    journal = {JACS},
    author = {Cremer, D. and Pople, J. A.},
    number = {6},
    month = {3},
    pages = {1354--1358},
    volume = {97},
    url = {http://pubs.acs.org/doi/abs/10.1021/ja00839a011},
    doi = {10.1021/ja00839a011},
    issn = {0002-7863}
}

@article{Kirschner2008,
    title = {{GLYCAM06: A generalizable biomolecular force field. carbohydrates}},
    year = {2008},
    journal = {J. Comp. Chem.},
    author = {Kirschner, Karl N. and Yongye, Austin B. and Tschampel, Sarah M. and Gonz{\'{a}}lez-Outeiri{\~{n}}o, Jorge and Daniels, Charlisa R. and Foley, B. Lachele and Woods, Robert J.},
    pages = {622--655},
    volume = {29},
    isbn = {0192-8651},
    doi = {10.1002/jcc.20820},
    issn = {01928651},
    pmid = {17849372},
    arxivId = {NIHMS150003},
    keywords = {AMBER, Carbohydrate, Force field, GLYCAM, Molecular dynamics, Parameter development}
}

@article{Pomin2018,
    title = {{Glycosaminoglycan-Protein Interactions by Nuclear Magnetic Resonance (NMR) Spectroscopy}},
    year = {2018},
    journal = {Molecules},
    author = {Pomin, Vitor and Wang, Xu},
    number = {9},
    pages = {2314},
    volume = {23},
    url = {http://www.mdpi.com/1420-3049/23/9/2314},
    doi = {10.3390/molecules23092314},
    issn = {1420-3049},
    keywords = {gag binding site, gag-protein interactions, glycosaminoglycan, isotopic labeling, nmr, paramagnetic labeling}
}

@article{Hileman1998,
    title = {{Glycosaminoglycan-protein interactions: Definition of consensus sites in glycosaminoglycan binding proteins}},
    year = {1998},
    journal = {Bio. Essays},
    author = {Hileman, Ronald E. and Fromm, Jonathan R. and Weiler, John M. and Linhardt, Robert J.},
    number = {2},
    pages = {156--167},
    volume = {20},
    isbn = {0265-9247 (Print){\textbackslash}n0265-9247 (Linking)},
    doi = {10.1002/(SICI)1521-1878(199802)20:2<156::AID-BIES8>3.0.CO;2-R},
    issn = {02659247},
    pmid = {9631661}
}

@article{Kuschert1999,
    title = {{Glycosaminoglycans Interact Selectively with Chemokines and Modulate Receptor Binding and Cellular Responses}},
    year = {1999},
    journal = {Glaxo Welcome Res. Dev.},
    author = {Kuschert, Gabriele S V and Coulin, Florence and Power, Christine A and Proudfoot, Amanda E I and Hubbard, Rod E and Hoogewerf, Arlene J and Wells, Timothy N C},
    volume = {14},
    url = {https://pubs.acs.org/sharingguidelines},
    doi = {10.1021/bi990711d}
}

@article{Hoogewerf1997,
    title = {{Glycosaminoglycans Mediate Cell Surface Oligomerization of Chemokines}},
    year = {1997},
    journal = {Biochemistry},
    author = {Hoogewerf, Arlene J. and Kuschert, Gabriele S. V. and Proudfoot, Amanda E. I. and Borlat, Frederic and Clark-Lewis, Ian and Power, Christine A. and Wells, Timothy N. C.},
    number = {44},
    month = {11},
    pages = {13570--13578},
    volume = {36},
    url = {http://pubs.acs.org/doi/abs/10.1021/bi971125s},
    doi = {10.1021/bi971125s},
    issn = {0006-2960}
}

@article{Lamberg1974,
    title = {{Glycosaminoglycans. A Biochemical and Clinical Review††From the Departments of Medicine, Pediatrics, and Biochemistry, The Joseph P. Kennedy Jr. Mental Retardation Center, and the LaRabida-University of Chicago Institute, Pritzer School of Medicine, Unive}},
    year = {1974},
    journal = {J. Invest. Dermatology},
    author = {Lamberg, Stanford I. and Stoolmiller, Allen C.},
    number = {6},
    pages = {433--449},
    volume = {63},
    url = {http://linkinghub.elsevier.com/retrieve/pii/S0022202X15444100},
    doi = {10.1111/1523-1747.ep12680346},
    issn = {0022202X}
}

@article{Boese2004,
    title = {{HEAT: High accuracy extrapolated ab initio thermochemistry}},
    year = {2004},
    journal = {J. Chem. Phys.},
    author = {Boese, A Daniel and Oren, Mikhal and Atasoylu, Onur and Martin, Jan M L and K{\'{a}}llay, Mihály and Gauss, Jürgen and Ly, Mihá and Llay, Ká and Rgen Gauss, Jü},
    pages = {7764},
    volume = {120},
    url = {http://aip.scitation.org/toc/jcp/120/9},
    isbn = {10.1063/1.477422},
    doi = {10.1063/1.1638736}
}

@article{Zong2017,
    title = {{Heparan Sulfate Microarray Reveals That Heparan Sulfate-Protein Binding Exhibits Different Ligand Requirements}},
    year = {2017},
    journal = {JACS},
    author = {Zong, Chengli and Venot, Andre and Li, Xiuru and Lu, Weigang and Xiao, Wenyuan and Wilkes, Jo Setti L. and Salanga, Catherina L. and Handel, Tracy M. and Wang, Lianchun and Wolfert, Margreet A. and Boons, Geert Jan},
    doi = {10.1021/jacs.7b01399},
    issn = {15205126},
    pmid = {28651046}
}

@article{Vlodavsky2001,
    title = {{Heparan sulfate proteoglycans Molecular properties and involvement of heparanase in cancer metastasis and angiogenesis}},
    year = {2001},
    journal = {J. Clin. Inv.},
    author = {Vlodavsky, Israel and Friedmann, Yael},
    number = {3},
    pages = {341--347},
    volume = {108},
    isbn = {0021-9738 (Print){\textbackslash}r0021-9738 (Linking)},
    doi = {10.1172/JCI200113662.Studies},
    issn = {0021-9738},
    pmid = {11489924}
}

@article{Iozzo2001,
    title = {{Heparan sulfate proteoglycans: Heavy hitters in the angiogenesis arena}},
    year = {2001},
    journal = {J. Clin. Inv.},
    author = {Iozzo, Renato V. and San Antonio, James D.},
    number = {3},
    pages = {349--355},
    volume = {108},
    isbn = {0021-9738},
    doi = {10.1172/JCI200113738},
    issn = {00219738},
    pmid = {11489925}
}

@article{Scholefield2003,
    title = {{Heparan sulfate regulates amyloid precursor protein processing by BACE1, the Alzheimer's beta-secretase.}},
    year = {2003},
    journal = {J. Cell Bio.},
    author = {Scholefield, Zoe and Yates, Edwin A and Wayne, Gareth and Amour, Augustin and McDowell, William and Turnbull, Jeremy E},
    number = {1},
    month = {10},
    pages = {97--107},
    volume = {163},
    publisher = {Rockefeller University Press},
    url = {http://www.ncbi.nlm.nih.gov/pubmed/14530380 http://www.pubmedcentral.nih.gov/articlerender.fcgi?artid=PMC2173449},
    doi = {10.1083/jcb.200303059},
    issn = {0021-9525},
    pmid = {14530380}
}

@article{Gallagher2001,
    title = {{Heparan sulfate: Growth control with a restricted sequence menu}},
    year = {2001},
    journal = {J. of Clin. Inv.},
    author = {Gallagher, J. T.},
    number = {3},
    pages = {357--361},
    volume = {108},
    isbn = {0021-9738 (Print){\textbackslash}n0021-9738 (Linking)},
    doi = {10.1172/JCI13713},
    issn = {00219738},
    pmid = {11489926}
}

@article{Shriver2012,
    title = {{Heparin and Heparan sulfate: Analyzing structure and microheterogeneity}},
    year = {2012},
    journal = {Handbook of Experimental Pharm.},
    author = {Shriver, Zachary and Capila, Ishan and Venkataraman, Ganesh and Sasisekharan, Ram},
    isbn = {9783642230554},
    doi = {10.1007/978-3-642-23056-1{\_}8},
    issn = {01712004},
    pmid = {22566225},
    arxivId = {1011.1669},
    keywords = {Biosynthesis, Conformation, Heparan sulfate, Heparin, Mass spectrometry, Microheterogeneity, Nuclear magnetic resonance, Structural analysis, Structure-function relationships.}
}

@techreport{Mayo1995a,
    title = {{Heparin binding to platelet factor-4 An NMR and site-directed mutagenesis study: arginine residues are crucial for binding}},
    year = {1995},
    booktitle = {Biochem. J},
    author = {Mayo, Kevin H and Ilyina, Elena and Roongta, Vikram and Dundas, Moira and Joseph, Jacqueline and Lai, C K and Maionet, Ted and Dalyt, Thomas J},
    pages = {357--365},
    volume = {312},
    url = {https://www.ncbi.nlm.nih.gov/pmc/articles/PMC1136271/pdf/biochemj00050-0037.pdf}
}

@techreport{Mayo1995,
    title = {{Heparin binding to platelet factor-4 An NMR and site-directed mutagenesis study: arginine residues are crucial for binding}},
    year = {1995},
    booktitle = {Biochem. J},
    author = {Mayo, Kevin H and Ilyina, Elena and Roongta, Vikram and Dundas, Moira and Joseph, Jacqueline and Lai, C K and Maionet, Ted and Dalyt, Thomas J},
    pages = {357--365},
    volume = {312},
    url = {https://www.ncbi.nlm.nih.gov/pmc/articles/PMC1136271/pdf/biochemj00050-0037.pdf}
}

@article{Nahain2018,
    title = {{Heparin mimetics with anticoagulant activity}},
    year = {2018},
    journal = {Med. Res. Rev.},
    author = {Nahain, Abdullah Al and Ignjatovic, Vera and Monagle, Paul and Tsanaktsidis, John and Ferro, Vito},
    number = {December 2017},
    pages = {1--32},
    doi = {10.1002/med.21489},
    issn = {10981128},
    keywords = {Anticoagulants, Glycopolymers, Heparin, Heparin mimetics, Sulfated oligosaccharides}
}

@article{Faham1996a,
    title = {{Heparin structure and interactions with basic fibroblast growth factor}},
    year = {1996},
    journal = {Sci.},
    author = {Faham, S and Hileman, R E and Fromm, Jonathan R and Linhardt, R J and Rees, D C},
    number = {5252},
    pages = {1116--1120},
    volume = {271},
    isbn = {0036-8075}
}

@article{Faham1996,
    title = {{Heparin structure and interactions with basic fibroblast growth factor.}},
    year = {1996},
    journal = {Sci.},
    author = {Faham, S and Hileman, R E and Fromm, J R and Linhardt, R J and Rees, D C},
    number = {5252},
    month = {2},
    pages = {1116--1120},
    volume = {271},
    publisher = {American Association for the Advancement of Science},
    url = {http://www.ncbi.nlm.nih.gov/pubmed/8599088},
    doi = {10.1126/SCIENCE.271.5252.1116},
    issn = {0036-8075},
    pmid = {8599088}
}

@article{LeBrasseur2003a,
    title = {{Heparin sustains the brain}},
    year = {2003},
    journal = {J. Cell Bio},
    author = {LeBrasseur, Nicole},
    number = {1},
    month = {10},
    pages = {1--10},
    volume = {163},
    url = {http://www.jcb.org/lookup/doi/10.1083/jcb1632iti1},
    doi = {10.1083/jcb1632iti1},
    issn = {0021-9525}
}

@article{LeBrasseur2003,
    title = {{Heparin sustains the brain}},
    year = {2003},
    journal = {J. Cell Bio},
    author = {LeBrasseur, Nicole},
    number = {1},
    month = {10},
    pages = {1--10},
    volume = {163},
    publisher = {Rockefeller University Press},
    url = {http://www.jcb.org/lookup/doi/10.1083/jcb1632iti1},
    doi = {10.1083/jcb1632iti1},
    issn = {0021-9525}
}

@article{Watson1997,
    title = {{Heparin-binding Properties of the Amyloidogenic Peptides A{$\beta$} and Amylin}},
    year = {1997},
    journal = {J. Biol. Chem.},
    author = {Watson, Deborah J. and Lander, Arthur D. and Selkoe, Dennis J.},
    number = {50},
    month = {12},
    pages = {31617--31624},
    volume = {272},
    url = {http://www.ncbi.nlm.nih.gov/pubmed/1533636 http://www.jbc.org/lookup/doi/10.1074/jbc.272.50.31617},
    doi = {10.1074/jbc.272.50.31617},
    issn = {0021-9258},
    pmid = {1533636}
}

@article{Joseph2017,
    title = {{Heparin-bound chemokine CXCL8 monomer and dimer are impaired for CXCR1 and CXCR2 activation: implications for gradients and neutrophil trafficking.}},
    year = {2017},
    journal = {Open biology},
    author = {Joseph, Prem Raj B and Sawant, Kirti V and Rajarathnam, Krishna},
    number = {11},
    volume = {7},
    publisher = {The Royal Society},
    url = {http://www.ncbi.nlm.nih.gov/pubmed/29118271 http://www.pubmedcentral.nih.gov/articlerender.fcgi?artid=PMC5717344},
    doi = {10.1098/rsob.170168},
    issn = {2046-2441},
    pmid = {29118271},
    keywords = {GPCR, NMR, chemokine, glycosaminoglycan, gradients, neutrophil}
}

@article{Capila2002,
    title = {{Heparin-protein interactions.}},
    year = {2002},
    journal = {Angew. Chem. Int. Eng.},
    author = {Capila, Ishan and Linhardt, Robert J},
    pages = {390--412},
    volume = {41},
    isbn = {1521-3773},
    doi = {10.1002/1521-3773(20020201)41:3<390::AID-ANIE390>3.0.CO;2-B},
    issn = {1433-7851},
    pmid = {12491369},
    keywords = {carbohydrates, coagula-, heparin, medicinal chemistry, molecular recognition, tion}
}

@article{Huo2017,
    title = {{HHS Public Access}},
    year = {2017},
    author = {Huo, Yuankai and Aboud, Katherine and Kang, Hakmook and Cutting, Laurie E and Bennett, A},
    number = {11},
    pages = {1--13},
    volume = {94},
    isbn = {9783319467207},
    doi = {10.1007/978-3-319-46720-7},
    issn = {1527-5418},
    pmid = {26928661},
    arxivId = {15334406}
}

@article{Lunin2004,
    title = {{High-resolution crystal structure of Arthrobacter aurescens chondroitin AC lyase: An enzyme-substrate complex defines the catalytic mechanism}},
    year = {2004},
    journal = {J. Mol. Bio.},
    author = {Lunin, Vladimir V. and Li, Yunge and Linhardt, Robert J. and Miyazono, Hirofumi and Kyogashima, Mamoru and Kaneko, Takuji and Bell, Alexander W. and Cygler, Miroslaw},
    doi = {10.1016/j.jmb.2003.12.071},
    issn = {00222836},
    pmid = {15003453},
    keywords = {Arthrobacter aurescens, Catalytic mechanism, Chondroitin lyase, Chondroitinase AC, GAG, MS, Substrate binding, glycosaminoglycan, mass spectrometry}
}

@article{Shan2011,
    title = {{How does a drug molecule find its target binding site?}},
    year = {2011},
    journal = {JACS},
    author = {Shan, Yibing and Kim, Eric T and Eastwood, Michael P and Dror, Ron O and Seeliger, Markus A and Shaw, David E},
    number = {24},
    month = {6},
    pages = {9181--3},
    volume = {133},
    publisher = {NIH Public Access},
    url = {http://www.ncbi.nlm.nih.gov/pubmed/21545110 http://www.pubmedcentral.nih.gov/articlerender.fcgi?artid=PMC3221467},
    doi = {10.1021/ja202726y},
    issn = {1520-5126},
    pmid = {21545110}
}

@article{Li2001,
    title = {{Hyaluronan binding and degradation by Streptococcus agalactiae hyaluronate lyase.}},
    year = {2001},
    journal = {J. Biol. Chem.},
    author = {Li, S and Jedrzejas, M J},
    number = {44},
    month = {11},
    pages = {41407--16},
    volume = {276},
    publisher = {American Society for Biochemistry and Molecular Biology},
    url = {http://www.ncbi.nlm.nih.gov/pubmed/11527972},
    doi = {10.1074/jbc.M106634200},
    issn = {0021-9258},
    pmid = {11527972}
}

@article{Davis1997,
    title = {{Hydrogen Bonding , Hydrophobic Interactions , and Failure of the Rigid Receptor Hypothesis}},
    year = {1997},
    journal = {Angew. Chem. Int. Eng.},
    author = {Davis, Andrew M and Teague, Simon J},
    pages = {736--749},
    volume = {38}
}

@article{Clarris1997,
    title = {{Identification of heparin-binding domains in the amyloid precursor protein of Alzheimer's disease by deletion mutagenesis and peptide mapping.}},
    year = {1997},
    journal = {J. Neurochem.},
    author = {Clarris, H J and Cappai, R and Heffernan, D and Beyreuther, K and Masters, C L and Small, D H},
    number = {3},
    month = {3},
    pages = {1164--72},
    volume = {68},
    url = {http://www.ncbi.nlm.nih.gov/pubmed/9048763},
    doi = {10.1046/j.1471-4159.1997.68031164.x},
    issn = {0022-3042},
    pmid = {9048763}
}

@article{Queiroz2015,
    title = {{Impact of sulfation pattern on the conformation and dynamics of sulfated fucan oligosaccharides as revealed by NMR and MD}},
    year = {2015},
    journal = {Glycobiology},
    author = {Queiroz, Ismael NL and Wang, Xiaocong and Glushka, John N and Santos, Gustavo RC and Valente, Ana P and Prestegard, James H and Woods, Robert J and Mour{\~{a}}o, Paulo AS and Pomin, Vitor H},
    number = {5},
    month = {5},
    pages = {535--547},
    volume = {25},
    publisher = {Oxford University Press},
    url = {https://academic.oup.com/glycob/article-lookup/doi/10.1093/glycob/cwu184},
    doi = {10.1093/glycob/cwu184},
    issn = {1460-2423}
}

@article{Yang2018,
    title = {{In Silico Prediction of Chemical Toxicity for Drug Design Using Machine Learning Methods and Structural Alerts.}},
    year = {2018},
    journal = {Front. Chem.},
    author = {Yang, Hongbin and Sun, Lixia and Li, Weihua and Liu, Guixia and Tang, Yun},
    pages = {30},
    volume = {6},
    publisher = {Frontiers Media SA},
    url = {http://www.ncbi.nlm.nih.gov/pubmed/29515993 http://www.pubmedcentral.nih.gov/articlerender.fcgi?artid=PMC5826228},
    doi = {10.3389/fchem.2018.00030},
    issn = {2296-2646},
    pmid = {29515993},
    keywords = {chemical toxicity, drug design, drug safety, machine learning, structural alerts}
}

@incollection{Raman2009,
    title = {{Informatics Concepts to Decode Structure-Function Relationships of Glycosaminoglycans}},
    year = {2009},
    booktitle = {Bioinformatics for Glycobiology and Glycomics: An Introduction},
    author = {Raman, Rahul and Raguram, S. and Sasisekharan, Ram},
    isbn = {9780470029619},
    doi = {10.1002/9780470029619.ch14},
    keywords = {Chemical Structure of GAGs, Glycosaminoglycans (GAGs), PEN-MALDI, Pedobacter heparinus, Proteus vulgaris}
}

@article{Park2017,
    title = {{Interaction of Monomeric Interleukin-8 with CXCR1 Mapped by Proton-Detected Fast MAS Solid-State NMR.}},
    year = {2017},
    journal = {Biophysical journal},
    author = {Park, Sang Ho and Berkamp, Sabrina and Radoicic, Jasmina and De Angelis, Anna A and Opella, Stanley J},
    number = {12},
    month = {12},
    pages = {2695--2705},
    volume = {113},
    publisher = {The Biophysical Society},
    url = {http://www.ncbi.nlm.nih.gov/pubmed/29262362 http://www.pubmedcentral.nih.gov/articlerender.fcgi?artid=PMC5771212},
    doi = {10.1016/j.bpj.2017.09.041},
    issn = {1542-0086},
    pmid = {29262362}
}

@article{Kreuger2006,
    title = {{Interactions between heparan sulfate and proteins: The concept of specificity}},
    year = {2006},
    journal = {J. Cell Bio.},
    author = {Kreuger, Johan and Spillmann, Dorothe and Li, Jin Ping and Lindahl, Ulf},
    number = {3},
    pages = {323--327},
    volume = {174},
    isbn = {0021-9525 (Print){\textbackslash}r0021-9525 (Linking)},
    doi = {10.1083/jcb.200604035},
    issn = {00219525},
    pmid = {16880267}
}

@article{Kreuger2006a,
    title = {{Interactions between heparan sulfate and proteins: The concept of specificity}},
    year = {2006},
    journal = {J. Cell Bio.},
    author = {Kreuger, Johan and Spillmann, Dorothe and Li, Jin Ping and Lindahl, Ulf},
    number = {3},
    pages = {323--327},
    volume = {174},
    isbn = {0021-9525 (Print){\textbackslash}r0021-9525 (Linking)},
    doi = {10.1083/jcb.200604035},
    issn = {00219525},
    pmid = {16880267}
}

@book{Jensen2007,
    title = {{Introduction to Computational Chemistry 2nd Edition}},
    year = {2007},
    author = {Jensen, Frank and Wiley, John},
    publisher = {Wiley},
    url = {https://www.researchgate.net/profile/Frank_Jensen4/publication/39819742_An_Introduction_to_Computational_Chemistry/links/00b49526abbd0c0ce0000000/An-Introduction-to-Computational-Chemistry.pdf}
}

@article{Mobius2013,
    title = {{Investigation of lysine side chain interactions of interleukin-8 with heparin and other glycosaminoglycans studied by a methylation-NMR approach}},
    year = {2013},
    journal = {Glycobiology},
    author = {Mobius, K. and Nordsieck, K. and Pichert, A. and Samsonov, S. A. and Thomas, L. and Schiller, J. and Kalkhof, S. and Teresa Pisabarro, M. and Beck-Sickinger, A. G. and Huster, D.},
    number = {11},
    month = {11},
    pages = {1260--1269},
    volume = {23},
    publisher = {Oxford University Press},
    url = {https://academic.oup.com/glycob/article-lookup/doi/10.1093/glycob/cwt062},
    doi = {10.1093/glycob/cwt062},
    issn = {0959-6658}
}

@article{Sattelle2011,
    title = {{Is N-acetyl-d-glucosamine a rigid 4C1 chair?}},
    year = {2011},
    journal = {Glycobiology},
    author = {Sattelle, Benedict M and Almond, Andrew},
    number = {12},
    month = {12},
    pages = {1651--1662},
    volume = {21},
    publisher = {Oxford University Press},
    url = {https://academic.oup.com/glycob/article-lookup/doi/10.1093/glycob/cwr101},
    doi = {10.1093/glycob/cwr101},
    issn = {1460-2423}
}

@article{Ain2015,
    title = {{Machine-learning scoring functions to improve structure-based binding affinity prediction and virtual screening}},
    year = {2015},
    journal = {Wiley Rev. Comput. Mol. Sci.},
    author = {Ain, Qurrat Ul and Aleksandrova, Antoniya and Roessler, Florian D. and Ballester, Pedro J.},
    number = {6},
    month = {11},
    pages = {405--424},
    volume = {5},
    publisher = {Wiley/Blackwell (10.1111)},
    url = {http://doi.wiley.com/10.1002/wcms.1225},
    doi = {10.1002/wcms.1225},
    issn = {17590876}
}

@article{Hansen2015,
    title = {{Making the longest sugars: a chemical synthesis of heparin-related oligosaccharides from 16-mer to 40-mer}},
    year = {2015},
    journal = {Chemical Science},
    author = {Hansen, Steen U. and Miller, Gavin J. and Cliff, Matthew J. and Jayson, Gordon C. and Gardiner, John M.},
    number = {11},
    month = {10},
    pages = {6158--6164},
    volume = {6},
    publisher = {The Royal Society of Chemistry},
    url = {http://xlink.rsc.org/?DOI=C5SC02091C},
    doi = {10.1039/C5SC02091C},
    issn = {2041-6520}
}

@article{Kowitsch2018,
    title = {{Medical application of glycosaminoglycans: a review}},
    year = {2018},
    journal = {J. Tissue Eng. Regenerative Med.},
    author = {K{\"{o}}witsch, Alexander and Zhou, Guoying and Groth, Thomas},
    number = {1},
    pages = {23--41},
    volume = {12},
    isbn = {1932-6254},
    doi = {10.1002/term.2398},
    issn = {19327005},
    pmid = {20872739},
    arxivId = {NIHMS150003},
    keywords = {biomaterials, chemical modification, glycosaminoglycans, hydrogels, immobilization, proteoglycans, tissue engineering}
}

@article{Li2008,
    title = {{Molecular basis of thrombin recognition by protein C inhibitor revealed by the 1.6-A structure of the heparin-bridged complex.}},
    year = {2008},
    journal = {Proc. Nat. Acad. Sci. U.S.A},
    author = {Li, Wei and Adams, Ty E T.E. and Nangalia, Jyoti and Esmon, C.T. Charles T and Huntington, James A J.A.},
    number = {12},
    pages = {4661--6},
    volume = {105},
    url = {http://www.pnas.org/content/105/12/4661},
    isbn = {1091-6490 (Electronic){\textbackslash}r0027-8424 (Linking)},
    doi = {10.1073/pnas.0711055105},
    issn = {1091-6490},
    pmid = {18362344},
    keywords = {Crystallography, Heparin, Heparin: chemistry, Heparin: metabolism, Humans, Models, Molecular, Mutagenesis, Protein C Inhibitor, Protein C Inhibitor: chemistry, Protein C Inhibitor: metabolism, Protein Structure, Secondary, Thrombin, Thrombin: chemistry, Thrombin: metabolism, Thrombomodulin, X-Ray}
}

@book{Ferreira2015,
    title = {{Molecular docking and structure-based drug design strategies}},
    year = {2015},
    booktitle = {Molecules},
    author = {Ferreira, Leonardo G. and Dos Santos, Ricardo N. and Oliva, Glaucius and Andricopulo, Adriano D.},
    number = {7},
    pages = {13384--13421},
    volume = {20},
    isbn = {5516337380},
    doi = {10.3390/molecules200713384},
    issn = {14203049},
    pmid = {26205061},
    keywords = {Drug discovery, Molecular interaction, Molecular modeling, Molecular target, Pharmacophore, SBDD, SBVS, Virtual screening}
}

@article{Kulke2017,
    title = {{Molecular dynamics simulations on networks of heparin and collagen}},
    year = {2017},
    journal = {Prot. Struct. Funct. Bioinf.},
    author = {Kulke, Martin and Geist, Norman and Friedrichs, Wenke and Langel, Walter},
    doi = {10.1002/prot.25277},
    issn = {10970134},
    keywords = {fibril overlap region, principle component analysis, protein interaction, protein structure, replica exchange, telopeptides}
}

@article{Uciechowska-Kaczmarzyk2018,
    title = {{Molecular dynamics-based model of VEGF-A and its heparin interactions}},
    year = {2018},
    journal = {J. Mol. Graph. Model.},
    author = {Uciechowska-Kaczmarzyk, Urszula and Babik, Sándor and Zsila, Ferenc and Bojarski, Krzysztof Kamil and Beke-Somfai, Tamás and Samsonov, Sergey A.},
    doi = {10.1016/j.jmgm.2018.04.015},
    issn = {18734243},
    pmid = {29738889},
    keywords = {Circular dichroism spectroscopy, Molecular docking, Protein-glycosaminoglycan interactions, Replica exchange molecular dynamics, VEGF}
}

@article{Cardin,
    title = {{Molecular modeling of protein-glycosaminoglycan interactions.}},
    year = {1989},
    journal = {Arteriosclerosis},
    author = {Cardin, A D and Weintraub, H J},
    number = {1},
    pages = {21--32},
    volume = {9},
    url = {http://www.ncbi.nlm.nih.gov/pubmed/2463827},
    issn = {0276-5047},
    pmid = {2463827}
}

@article{Engler2018,
    title = {{Multiple-Choice Knapsack for Assigning Partial Atomic Charges in Drug-Like Molecules}},
    year = {2018},
    journal = {DROPS-IDN/9318},
    author = {Engler, Martin S. and Caron, Bertrand and Veen, Lourens and Geerke, Daan P. and Mark, Alan E. and Klau, Gunnar W.},
    volume = {113},
    publisher = {Schloss Dagstuhl - Leibniz-Zentrum fuer Informatik},
    url = {http://drops.dagstuhl.de/opus/volltexte/2018/9318/},
    isbn = {978-3-95977-082-8},
    doi = {10.4230/LIPICS.WABI.2018.16},
    issn = {1868-8969},
    keywords = {004, Multiple-choice knapsack, integer linear programming, molecular dynamics simulations, partial charge assignment, pseudo-polynomial dynamic programming}
}

@article{Almond2018,
    title = {{Multiscale modeling of glycosaminoglycan structure and dynamics: current methods and challenges}},
    year = {2018},
    journal = {Curr. Op. Struct. Bio.},
    author = {Almond, Andrew},
    pages = {58--64},
    volume = {50},
    publisher = {Elsevier Ltd},
    url = {http://dx.doi.org/10.1016/j.sbi.2017.11.008},
    doi = {10.1016/j.sbi.2017.11.008},
    issn = {1879033X}
}

@techreport{Gromiha2004,
    title = {{Neural Network-Based Prediction of Transmembrane-Strand Segments in Outer Membrane Proteins}},
    year = {2004},
    booktitle = {J. Comput. Chem.},
    author = {Gromiha, M Michael and Ahmad, Shandar and Suwa, Makiko},
    pages = {762--767},
    volume = {25},
    url = {http://psfs.cbrc.jp/tmbeta-net/.},
    keywords = {neural network, outer membrane protein, prediction, transmembrane-strands}
}

@techreport{Mikhailov1997,
    title = {{NMR solution conformation of heparin-derived hexasaccharide}},
    year = {1997},
    booktitle = {Biochem. J},
    author = {Mikhailov, Dmitri and Linhardt, Robert J and Mayo, Kevin H},
    pages = {51--61},
    volume = {328},
    url = {http://www-heparin.rpi.edu/main/files/papers/181.pdf}
}

@techreport{Mikhailov1997a,
    title = {{NMR solution conformation of heparin-derived hexasaccharide}},
    year = {1997},
    booktitle = {Biochem. J},
    author = {Mikhailov, Dmitri and Linhardt, Robert J and Mayo, Kevin H},
    pages = {51--61},
    volume = {328},
    url = {http://www-heparin.rpi.edu/main/files/papers/181.pdf}
}

@article{Blundell2006,
    title = {{NMR spectra of oligosaccharides at ultra-high field (900MHz) have better resolution than expected due to favourable molecular tumbling}},
    year = {2006},
    journal = {Carbohydr. Res.},
    author = {Blundell, Charles D. and Reed, Michelle A.C. and Overduin, Michael and Almond, Andrew},
    number = {12},
    month = {9},
    pages = {1985--1991},
    volume = {341},
    url = {http://linkinghub.elsevier.com/retrieve/pii/S000862150600276X},
    doi = {10.1016/j.carres.2006.05.017},
    issn = {00086215}
}

@article{Lever2002,
    title = {{Novel drug development opportunities for heparin.}},
    year = {2002},
    journal = {Nat. Rev. Drug Discovery},
    author = {Lever, Rebecca and Page, Clive P},
    number = {2},
    pages = {140--8},
    volume = {1},
    url = {http://www.ncbi.nlm.nih.gov/pubmed/12120095},
    doi = {10.1038/nrd724},
    issn = {1474-1776},
    pmid = {12120095}
}

@article{Cordula2014,
    title = {{On the catalytic mechanism of polysaccharide lyases: evidence of His and Tyr involvement in heparin lysis by heparinase I and the role of Ca <sup>2+</sup>}},
    year = {2014},
    journal = {Mol. BioSyst.},
    author = {C{\'{o}}rdula, Carolina R. and Lima, Marcelo A. and Shinjo, Samuel K. and Gesteira, Tarsis F. and Pol-Fachin, Laércio and Coulson-Thomas, Vivien J. and Verli, Hugo and Yates, Edwin A. and Rudd, Timothy R. and Pinhal, Maria A. S. and Toma, Leny and Dietrich, Carl P. and Nader, Helena B. and Tersariol, Ivarne L. S.},
    number = {1},
    pages = {54--64},
    volume = {10},
    url = {http://xlink.rsc.org/?DOI=C3MB70370C},
    doi = {10.1039/C3MB70370C},
    issn = {1742-206X}
}

@article{Wolfe1979,
    title = {{On the magnitudes and origins of the “anomeric effects”, “exo-anomeric effects”, “reverse anomeric effects”, and C-X and C-Y bond lengths in XCH2YH molecules}},
    year = {1979},
    journal = {Carbohydr. Res.},
    author = {Wolfe, Saul and Myung-Hwan, Whangbo and Mitchell, David J.},
    number = {1},
    month = {3},
    pages = {1--26},
    volume = {69},
    publisher = {Elsevier},
    url = {https://www-sciencedirect-com.ezproxy.library.uq.edu.au/science/article/pii/S000862150085747X},
    doi = {10.1016/S0008-6215(00)85747-X},
    issn = {0008-6215}
}

@article{Wojcikowski2015,
    title = {{Open Drug Discovery Toolkit (ODDT): a new open-source player in the drug discovery field}},
    year = {2015},
    journal = {J. Cheminf.},
    author = {W{\'{o}}jcikowski, Maciej and Zielenkiewicz, Piotr and Siedlecki, Pawel},
    number = {1},
    month = {12},
    pages = {26},
    volume = {7},
    publisher = {Nature Publishing Group},
    url = {http://www.jcheminf.com/content/7/1/26},
    doi = {10.1186/s13321-015-0078-2},
    issn = {1758-2946},
    keywords = {Computational Biology/Bioinformatics, Computer Applications in Chemistry, Documentation and Information in Chemistry, Theoretical and Computational Chemistry}
}

@article{Salentin2015,
    title = {{PLIP: fully automated protein--ligand interaction profiler.}},
    year = {2015},
    journal = {Nucleic Acids Res.},
    author = {Salentin, Sebastian and Schreiber, Sven and Haupt, V Joachim and Adasme, Melissa F and Schroeder, Michael},
    number = {W1},
    month = {7},
    pages = {443--7},
    volume = {43},
    publisher = {Oxford University Press},
    url = {http://www.ncbi.nlm.nih.gov/pubmed/25873628 http://www.pubmedcentral.nih.gov/articlerender.fcgi?artid=PMC4489249},
    doi = {10.1093/nar/gkv315},
    issn = {1362-4962},
    pmid = {25873628}
}

@article{Griffith2017,
    title = {{Predicting glycosaminoglycan surface protein interactions and implications for studying axonal growth}},
    year = {2017},
    journal = {Proc. Nat. Acad. Sci.},
    author = {Griffith, Adam R. and Rogers, Claude J. and Miller, Gregory M. and Abrol, Ravinder and Hsieh-Wilson, Linda C. and Goddard, William A.},
    number = {52},
    pages = {13697--13702},
    volume = {114},
    url = {http://www.pnas.org/lookup/doi/10.1073/pnas.1715093115},
    doi = {10.1073/pnas.1715093115},
    issn = {0027-8424},
    pmid = {29229841}
}

@article{Woods2018,
    title = {{Predicting the Structures of Glycans, Glycoproteins, and Their Complexes}},
    year = {2018},
    journal = {Chem. Rev.},
    author = {Woods, Robert J.},
    number = {8005-8024},
    volume = {118},
    doi = {10.1021/acs.chemrev.8b00032},
    issn = {0009-2665},
    pmid = {30091597}
}

@article{Gandhi2012,
    title = {{Prediction of heparin binding sites in bone morphogenetic proteins (BMPs)}},
    year = {2012},
    journal = {Biochim. Biophys. Acta Prot. Proteomics},
    author = {Gandhi, Neha S. and Mancera, Ricardo L.},
    number = {12},
    pages = {1374--1381},
    volume = {1824},
    publisher = {Elsevier B.V.},
    url = {http://dx.doi.org/10.1016/j.bbapap.2012.07.002},
    doi = {10.1016/j.bbapap.2012.07.002},
    issn = {15709639},
    pmid = {22824487},
    keywords = {Bone morphogenetic protein (BMP), Docking, Growth and differentiation factor (GDF), Heparin, Transforming growth factor-{$\beta$} (TGF-{$\beta$})}
}

@article{Olson1991,
    title = {{Predominant contribution of surface approximation to the mechanism of heparin acceleration of the antithrombin-thrombin reaction. Elucidation from salt concentration effects.}},
    year = {1991},
    journal = {J. Biol. Chem.},
    author = {Olson, S T and Bj{\"{o}}rk, I},
    number = {10},
    month = {4},
    pages = {6353--64},
    volume = {266},
    url = {http://www.ncbi.nlm.nih.gov/pubmed/2007588},
    issn = {0021-9258},
    pmid = {2007588}
}

@book{VanBeek2005,
    title = {{Principles and Practice of Constraint Programming - CP 2005}},
    year = {2005},
    editor = {van Beek, Peter},
    series = {Lecture Notes in Computer Science},
    volume = {3709},
    publisher = {Springer Berlin Heidelberg},
    url = {http://link.springer.com/10.1007/11564751},
    address = {Berlin, Heidelberg},
    isbn = {978-3-540-29238-8},
    doi = {10.1007/11564751}
}

@article{Halperin2002,
    title = {{Principles of docking: An overview of search algorithms and a guide to scoring functions}},
    year = {2002},
    journal = {Prot. Struct. Funct. Gen.},
    author = {Halperin, Inbal and Ma, Buyong and Wolfson, Haim and Nussinov, Ruth},
    pages = {409--443},
    volume = {47},
    isbn = {0887-3585},
    doi = {10.1002/prot.10115},
    issn = {08873585},
    pmid = {12001221},
    keywords = {Docking, Flexible docking, Matching, Proteinligand recognition, Scoring}
}

@article{Quiocho1989,
    title = {{Protein-carbohydrate interactions: basic molecular features}},
    year = {1989},
    journal = {Pure Appl. Chem.},
    author = {Quiocho, F. A.},
    pages = {1293--1306},
    volume = {61},
    isbn = {0033-4545},
    doi = {10.1351/pac198961071293},
    issn = {1365-3075}
}

@article{Sattelle2015,
    title = {{Proteoglycans and Their Heterogeneous Glycosaminoglycans at the Atomic Scale}},
    year = {2015},
    journal = {Biomacromolecules},
    author = {Sattelle, Benedict M. and Shakeri, Javad and Cliff, Matthew J. and Almond, Andrew},
    number = {3},
    month = {3},
    pages = {951--961},
    volume = {16},
    publisher = {American Chemical Society},
    url = {http://pubs.acs.org/doi/10.1021/bm5018386},
    doi = {10.1021/bm5018386},
    issn = {1525-7797}
}

@article{Jinich2015,
    title = {{Quantum Chemical Approach to Estimating the Thermodynamics of Metabolic Reactions}},
    year = {2015},
    journal = {Sci. Rep.},
    author = {Jinich, Adrian and Rappoport, Dmitrij and Dunn, Ian and Sanchez-Lengeling, Benjamin and Olivares-Amaya, Roberto and Noor, Elad and Even, Arren Bar and Aspuru-Guzik, Alán},
    number = {1},
    month = {5},
    pages = {7022},
    volume = {4},
    publisher = {Nature Publishing Group},
    url = {http://www.nature.com/articles/srep07022},
    doi = {10.1038/srep07022},
    issn = {2045-2322},
    keywords = {Biochemical reaction networks, Computational chemistry}
}

@article{Almbladh1996,
    title = {{Rationale for mixing exact exchange with density functional approximations}},
    year = {1996},
    journal = {J. Chem. Phys.},
    author = {Almbladh, Carl-Olof and Pedroza, A. C. and von Barth, Ulf and Arbuznikov, Alexei V. and Bahmann, Hilke and Rodenberg, Alexander and Arbuznikov, Alexei V. and Kaupp, Martin and Bauernschmitt, Rüdiger and Ahlrichs, Reinhart and Becke, Axel D. and Bondybey, V. E. and Burke, Kieron and Ernzerhof, Matthias and Perdew, John P. and Casida, Mark E. and Chong, Delano P. and Jamorski, Christine and Casida, Kim C. and Salahub, Dennis R. and Cohen, Aron J. and Mori-S{\'{a}}nchez, Paula and Yang, Weitao and Della Sala, Fabio and G{\"{o}}rling, Andreas and Engel, Eberhard and Chevary, J. A. and Macdonald, L. D. and Vosko, S. H. and Ernzerhof, Matthias and Perdew, John P. and Burke, Kieron and Ganzenm{\"{u}}ller, Georg and Koslowski, Thorsten and Gori-Giorgi, Paola and Savin, Andreas and Grabo, Tobias and Gross, Eberhard K. U. and Gunnarsson, O. and Lundqvist, Be I. and Handy, Nicholas C. and Cohen, Aron J. and Harris, J. and Sala, Fabio Della and Fabiano, Eduardo and Constantin, Lucian A and Hohenberg, Pierre and Kohn, Walter and Janak, J.F. and Jaramillo, Juanita and Scuseria, Gustavo E. and Ernzerhof, Matthias and Gunnarsson, O. and Lundqvist, Be I. and Klime{\v{s}}, Jiří and Bowler, David R. and Michaelides, Angelos and Kohn, Walter and Sham, Lu Jeu and K{\"{o}}rzd{\"{o}}rfer, Thomas and Koslowski, Thorsten and Wilkening, Anke and Harris, J. and Jones, R. O. and Kreibich, T. and Kurth, Stefan and Grabo, Tobias and Gross, Eberhard K. U. and Perdew, John P. and Blaha, Peter and Langreth, David C. and Perdew, John P. and Levy, Mel and Perdew, John P. and Sahni, Viraht and Lias, Sharon G. and Luo, Yu-Ran and Makmal, Adi and Miller, Thomas M and Molawi, Kian and Cohen, Aron J. and Handy, Nicholas C. and Peach, Michael J. G. and Tozer, David J. and Handy, Nicholas C. and Perdew, John P. and Ernzerhof, Matthias and Burke, Kieron and Levy, Mel and Parr, Robert G. and Levy, Mel and Balduz, Jose L. and Petersilka, M. and Gossmann, U.J. and Gross, Eberhard K. U. and Sagvolden, Espen and Perdew, John P. and Sham, Lu Jeu and Schl{\"{u}}ter, M. and Steinbrecher, Thomas and Koslowski, Thorsten and Case, David A. and Tozer, David J. and Handy, Nicholas C. and {Unknown} and Yang, Weitao and Cohen, Aron J. and Mori-S{\'{a}}nchez, Paula and Zhan, Chang-Guo and Nichols, Jeffrey A. and Dixon, David A. and Burke, Kieron},
    number = {1},
    pages = {9982--9985},
    volume = {109},
    url = {http://www.ncbi.nlm.nih.gov/pubmed/22667544%5Cnhttp://link.aip.org/link/JCPSA6/v109/i23/p10180/s1&Agg=doi%5Cnhttp://www.pubmedcentral.nih.gov/articlerender.fcgi?artid=2629592&tool=pmcentrez&rendertype=abstract%5Cnhttp://link.aps.org/doi/10.1103/PhysRevA.7},
    isbn = {0953-8585},
    doi = {10.1002/qua},
    issn = {00219606},
    pmid = {22667544},
    arxivId = {arXiv:1411.3804v1},
    keywords = {1, AFFINITY, ATOMIZATION, ATOMS, CORRECTIONS, CORRELATION FUNCTIONS, Cations, Chemical, Computer Simulation, DATA BASE MANAGEMENT, DENSITY FUNCTIONAL METHOD, DIATOMIC MOLECULES, DNA, DNA: chemistry, ERRORS, EXCHANGE INTERACTIONS, Electrons, GAUSS FUNCTION, IONIZATION POTENTIAL, MOLECULES, Models, N CODES, NUMERICAL SOLUTION, POLYATOMIC MOLECULES, PROTONS, Quantum Theory, SPIN DENSITY, SURVEYS, Static Electricity, THERMOCHEMICAL PROCESSES, Thermodynamics, anr, atomization energy, chemical screening constant, contract grant sponsor, correlation, correspondence to, density functional, density functional theory, e-mail, electronic correlation, exchange, exchange correlation, exchange-correlation, fr, g tensor, generalized gradient approximation, gori, gori-giorgi, harmonic traps, hybrid functional, introduction and definitions, j, jussieu, lct, local hybrid functional, local spin density approximation, localized local hybrid, molecular dissociation, molecules, national french research, national science foundation, optimized effective potential method, p, perdew, potential, potentials, quantum chemistry, solids, surfaces}
}

@article{DeVivo2017,
    title = {{Recent advances in dynamic docking for drug discovery}},
    year = {2017},
    journal = {Wiley Rev. Comput. Mol. Sci.},
    author = {De Vivo, Marco and Cavalli, Andrea},
    doi = {10.1002/wcms.1320},
    issn = {17590884}
}

@misc{Grant2014,
    title = {{Recent advances in employing molecular modelling to determine the specificity of glycan-binding proteins}},
    year = {2014},
    booktitle = {Curr. Op. Struct. Bio.},
    author = {Grant, Oliver C. and Woods, Robert J.},
    isbn = {1879-033X (Electronic) 0959-440X (Linking)},
    doi = {10.1016/j.sbi.2014.07.001},
    issn = {1879033X},
    pmid = {25108191},
    arxivId = {NIHMS150003}
}

@article{Hricovini2007,
    title = {{Relationship between structure and three-bond proton-proton coupling constants in glycosaminoglycans}},
    year = {2007},
    journal = {Carbohydr. Res.},
    author = {Hricov{\'{i}}ni, M. and B{\'{i}}zik, F.},
    number = {6},
    pages = {779--783},
    volume = {342},
    isbn = {0008-6215},
    doi = {10.1016/j.carres.2007.01.003},
    issn = {00086215},
    pmid = {17270159},
    keywords = {Conformation, DFT calculations, Glycosaminoglycans, Three-bond coupling constants}
}

@article{Barnett2010,
    title = {{Ring Puckering: A Metric for Evaluating the Accuracy of AM1, PM3, PM3CARB-1, and SCC-DFTB Carbohydrate QM/MM Simulations}},
    year = {2010},
    journal = {J. Phys. Chem. B},
    author = {Barnett, Christopher B. and Naidoo, Kevin J.},
    number = {51},
    month = {12},
    pages = {17142--17154},
    volume = {114},
    url = {http://pubs.acs.org/doi/abs/10.1021/jp107620h},
    doi = {10.1021/jp107620h},
    issn = {1520-6106}
}

@article{Sasisekharan2002,
    title = {{Roles of heparan-sulphate glycosaminoglycans in cancer}},
    year = {2002},
    journal = {Nat. Rev. Cancer},
    author = {Sasisekharan, Ram and Shriver, Zachary and Venkataraman, Ganesh and Narayanasami, Uma},
    number = {7},
    month = {7},
    pages = {521--528},
    volume = {2},
    publisher = {Nature Publishing Group},
    url = {http://www.nature.com/articles/nrc842},
    doi = {10.1038/nrc842},
    issn = {1474-175X}
}

@techreport{Sun,
    title = {{SCAN: An Efficient Density Functional Yielding Accurate Structures and Energies of Diversely-Bonded Materials}},
    author = {Sun, Jianwei and Remsing, Richard C and Zhang, Yubo and Sun, Zhaoru and Ruzsinszky, Adrienn and Peng, Haowei and Yang, Zenghui and Paul, Arpita and Waghmare, Umesh and Wu, Xifan and Klein, Michael L and Perdew, John P},
    url = {https://arxiv.org/pdf/1511.01089.pdf}
}

@article{Schulz-Gasch2004,
    title = {{Scoring functions for protein--ligand interactions: A critical perspective}},
    year = {2004},
    journal = {Drug Discovery Today Tech.},
    author = {Schulz-Gasch, Tanja and Stahl, Martin},
    number = {3},
    pages = {231--239},
    volume = {1},
    doi = {10.1016/j.ddtec.2004.08.004},
    issn = {17406749},
    pmid = {24981490}
}

@article{Hendriksen2002,
    title = {{Secretases as targets for drug design in Alzheimer's disease.}},
    year = {2002},
    journal = {Euro. J. Clin. Invest.},
    author = {Hendriksen, J V R B and Nottet, H S L M and Smits, H A},
    number = {1},
    month = {1},
    pages = {60--8},
    volume = {32},
    url = {http://www.ncbi.nlm.nih.gov/pubmed/11851728},
    doi = {10.1046/j.1365-2362.2002.00937.x},
    issn = {0014-2972},
    pmid = {11851728}
}

@article{Malik2007,
    title = {{Sequence and structural features of carbohydrate binding in proteins and assessment of predictability using a neural network}},
    year = {2007},
    journal = {BMC Struct. Bio.},
    author = {Malik, Adeel and Ahmad, Shandar},
    number = {1},
    month = {1},
    pages = {1},
    volume = {7},
    publisher = {BioMed Central},
    url = {https://bmcstructbiol.biomedcentral.com/articles/10.1186/1472-6807-7-1},
    doi = {10.1186/1472-6807-7-1},
    issn = {1472-6807},
    keywords = {Biochemistry, Crystallography, Mass Spectrometry, Protein Science, Spectroscopy/Spectrometry, general}
}

@article{Sankaranarayanan2018,
    title = {{So you think computational approaches to understanding glycosaminoglycan–protein interactions are too dry and too rigid? Think again!}},
    year = {2018},
    journal = {Curr. Op. Struct. Bio.},
    author = {Sankaranarayanan, Nehru Viji and Nagarajan, Balaji and Desai, Umesh R.},
    pages = {91--100},
    volume = {50},
    publisher = {Elsevier Ltd},
    url = {http://dx.doi.org/10.1016/j.sbi.2017.12.004},
    doi = {10.1016/j.sbi.2017.12.004},
    issn = {1879033X}
}

@article{Anderson1978,
    title = {{Sodium-23 NMR studies of cation-DNA interactions.}},
    year = {1978},
    journal = {Biophys. Chem.},
    author = {Anderson, C F and Record, M T and Hart, P A},
    number = {4},
    month = {1},
    pages = {301--16},
    volume = {7},
    url = {http://www.ncbi.nlm.nih.gov/pubmed/623871},
    issn = {0301-4622},
    pmid = {623871}
}

@article{Pagadala2017,
    title = {{Software for molecular docking: a review}},
    year = {2017},
    journal = {Biophys. Rev.},
    author = {Pagadala, Nataraj S. and Syed, Khajamohiddin and Tuszynski, Jack},
    number = {2},
    pages = {92--102},
    volume = {9},
    doi = {10.1007/s12551-016-0247-1},
    issn = {18672469},
    pmid = {28510083}
}

@article{Joseph2015,
    title = {{Solution NMR characterization of chemokine CXCL8/IL-8 monomer and dimer binding to glycosaminoglycans: structural plasticity mediates differential binding interactions.}},
    year = {2015},
    journal = {The Biochemical journal},
    author = {Joseph, Prem Raj B and Mosier, Philip D and Desai, Umesh R and Rajarathnam, Krishna},
    number = {1},
    month = {11},
    pages = {121--33},
    volume = {472},
    publisher = {Portland Press Ltd},
    url = {http://www.ncbi.nlm.nih.gov/pubmed/26371375 http://www.pubmedcentral.nih.gov/articlerender.fcgi?artid=PMC4692082},
    doi = {10.1042/BJ20150059},
    issn = {1470-8728},
    pmid = {26371375},
    keywords = {chemokine, glycosaminoglycan (GAG), heparin, nuclear magnetic resonance (NMR), structural plasticity, structure–function study}
}

@article{Hricovini2015,
    title = {{Solution Structure of Heparin Pentasaccharide: NMR and DFT Analysis.}},
    year = {2015},
    journal = {J. Phys. Chem. B},
    author = {Hricov{\'{i}}ni, Miloš},
    number = {38},
    month = {9},
    pages = {12397--409},
    volume = {119},
    url = {http://pubs.acs.org/doi/10.1021/acs.jpcb.5b07046 http://www.ncbi.nlm.nih.gov/pubmed/26340667},
    doi = {10.1021/acs.jpcb.5b07046},
    issn = {1520-5207},
    pmid = {26340667}
}

@article{Kirschner2001,
    title = {{Solvent interactions determine carbohydrate conformation}},
    year = {2001},
    journal = {Proc. Nat. Acad. Sci.},
    author = {Kirschner, K. N. and Woods, R. J.},
    isbn = {0027-8424},
    doi = {10.1073/pnas.191362798},
    issn = {0027-8424},
    pmid = {11526221}
}

@article{Laederach2003,
    title = {{Specific Empirical Free Energy Function for Automated Docking of Carbohydrates to Proteins}},
    year = {2003},
    journal = {J. Comput. Chem.},
    author = {Laederach, Alain and Reilly, Peter J.},
    isbn = {0192-8651},
    doi = {10.1002/jcc.10288},
    issn = {01928651},
    pmid = {12964193},
    keywords = {AutoDock, Automated docking, Empirical free energy function, Linear response method, Protein-carbohydrate complex}
}

@article{Hofmann2015,
    title = {{Structural analysis of the interleukin-8/glycosaminoglycan interactions by amide hydrogen/deuterium exchange mass spectrometry}},
    year = {2015},
    journal = {Methods},
    author = {Hofmann, Tommy and Samsonov, Sergey A. and Pichert, Annelie and Lemmnitzer, Katharina and Schiller, Jürgen and Huster, Daniel and Pisabarro, M. Teresa and von Bergen, Martin and Kalkhof, Stefan},
    month = {11},
    pages = {45--53},
    volume = {89},
    publisher = {Academic Press},
    url = {https://www.sciencedirect.com/science/article/pii/S1046202315000547?via%3Dihub},
    doi = {10.1016/J.YMETH.2015.02.011},
    issn = {1046-2023}
}

@article{Murphy2007,
    title = {{Structural and functional basis of CXCL12 (stromal cell-derived factor-1{$\alpha$}) binding to heparin}},
    year = {2007},
    journal = {J. Biol. Chem.},
    author = {Murphy, James W. and Cho, Yoonsang and Sachpatzidis, Aristidis and Fan, Chengpeng and Hodsdon, Michael E. and Lolis, Elias},
    number = {13},
    pages = {10018--10027},
    volume = {282},
    isbn = {2037372027},
    doi = {10.1074/jbc.M608796200},
    issn = {00219258},
    pmid = {17264079}
}

@article{Maveyraud,
    title = {{Structural basis for sugar recognition, including the Tn carcinoma antigen, by the lectin SNA-II from Sambucus nigra Plant Lectins: From Model Species to Crop Plants View project Structure and Activity of Ricin-like Lectins View project Structural basis f}},
    author = {Maveyraud, Laurent and Palmer, Rex A and Niwa, Hideaki and Guillet, Valérie and Svergun, Dmitri I and Konarev, Peter V and Peumans, Willy J and Roug{\'{e}}, Pierre and Van Damme, Els J M and Reynolds, Colin D and Mourey, Lionel},
    url = {www.interscience.wiley.},
    doi = {10.1002/prot.22222}
}

@article{Sharma2012,
    title = {{Structural basis of heparin binding to camel peptidoglycan recognition protein-S}},
    year = {2012},
    journal = {Int. J. Biol. Macromolecules},
    author = {Sharma, Pradeep and Dube, Divya and Sinha, Mau and Dey, Sharmistha and Kaur, Punit and Sharma, Sujata and Singh, Tej P.},
    number = {1},
    pages = {86--94},
    volume = {3},
    issn = {21524114},
    pmid = {22509483},
    keywords = {Crystal structure, Heparin, LPS, LTA, PGN, Pamps, Pgrp-S}
}

@article{Dasgupta2011,
    title = {{Structural basis of oligosaccharide receptor recognition by human papillomavirus}},
    year = {2011},
    journal = {J. Biol. Chem.},
    author = {Dasgupta, Jhimli and Bienkowska-Haba, Malgorzata and Ortega, Marcos E. and Patel, Hetalkumar D. and Bodevin, Sabrina and Spillmann, Dorothe and Bishop, Brooke and Sapp, Martin and Chen, Xiaojiang S.},
    number = {4},
    pages = {2617--2624},
    volume = {286},
    doi = {10.1074/jbc.M110.160184},
    issn = {00219258},
    pmid = {21115492}
}

@article{Lortat-Jacob2002,
    title = {{Structural diversity of heparan sulfate binding domains in chemokines}},
    year = {2002},
    journal = {Proceedings of the National Academy of Sciences},
    author = {Lortat-Jacob, H. and Grosdidier, A. and Imberty, A.},
    number = {3},
    month = {2},
    pages = {1229--1234},
    volume = {99},
    url = {http://www.pnas.org/cgi/doi/10.1073/pnas.032497699},
    doi = {10.1073/pnas.032497699},
    issn = {0027-8424}
}

@article{Lortat-Jacob2002b,
    title = {{Structural diversity of heparan sulfate binding domains in chemokines.}},
    year = {2002},
    journal = {Proceedings of the National Academy of Sciences of the United States of America},
    author = {Lortat-Jacob, Hugues and Grosdidier, Aurélien and Imberty, Anne},
    number = {3},
    month = {2},
    pages = {1229--34},
    volume = {99},
    publisher = {National Academy of Sciences},
    url = {http://www.ncbi.nlm.nih.gov/pubmed/11830659 http://www.pubmedcentral.nih.gov/articlerender.fcgi?artid=PMC122172},
    doi = {10.1073/pnas.032497699},
    issn = {0027-8424},
    pmid = {11830659}
}

@article{Raman2005a,
    title = {{Structural Insights into Biological Roles of Protein-Glycosaminoglycan Interactions}},
    year = {2005},
    journal = {Chem. {\&} Bio.},
    author = {Raman, Rahul and Sasisekharan, V. and Sasisekharan, Ram},
    number = {3},
    month = {3},
    pages = {267--277},
    volume = {12},
    url = {http://www.ncbi.nlm.nih.gov/pubmed/15797210 http://linkinghub.elsevier.com/retrieve/pii/S1074552105000426},
    doi = {10.1016/j.chembiol.2004.11.020},
    issn = {10745521},
    pmid = {15797210}
}

@article{Raman2005,
    title = {{Structural Insights into Biological Roles of Protein-Glycosaminoglycan Interactions contrasted with that of DNA}},
    year = {2005},
    journal = {Chem. {\&} Bio.},
    author = {Raman, Rahul and Sasisekharan, V and Sasisekharan, Ram},
    pages = {267--277},
    volume = {12},
    url = {https://www.cell.com/action/showPdf?pii=S1074-5521%2805%2900042-6},
    doi = {10.1016/j.chembiol.2004.11.020}
}

@article{Da2014,
    title = {{Structural Protein–Ligand Interaction Fingerprints (SPLIF) for Structure-Based Virtual Screening: Method and Benchmark Study}},
    year = {2014},
    journal = {J. Chem. Theory Comput.},
    author = {Da, C. and Kireev, D.},
    number = {9},
    month = {9},
    pages = {2555--2561},
    volume = {54},
    publisher = {American Chemical Society},
    url = {http://pubs.acs.org/doi/10.1021/ci500319f},
    doi = {10.1021/ci500319f},
    issn = {1549-9596}
}

@article{Han2009,
    title = {{Structural snapshots of heparin depolymerization by heparin lyase I}},
    year = {2009},
    journal = {J. Biol. Chem.},
    author = {Han, Young Hyun and Garron, Marie Line and Kim, Hye Yeon and Kim, Wan Seok and Zhang, Zhenqing and Ryu, Kyeong Seok and Shaya, David and Xiao, Zhongping and Cheong, Chaejoon and Kim, Yeong Shik and Linhardt, R. J. and Jeon, Young Ho and Cygler, Miroslaw},
    number = {49},
    pages = {34019--34027},
    volume = {284},
    doi = {10.1074/jbc.M109.025338},
    issn = {00219258},
    pmid = {19801541}
}

@techreport{Raman2002,
    title = {{Structural specificity of heparin binding in the fibroblast growth factor family of proteins BIOPHYSICS}},
    year = {2002},
    author = {Raman, Rahul and Venkataraman, Ganesh and Ernst, Steffen and Sasisekharan, V and Sasisekharan, Ram},
    number = {5},
    pages = {2357--2362},
    volume = {100},
    url = {www.pnas.orgcgidoi10.1073pnas.0437842100}
}

@article{Imberty2007,
    title = {{Structural view of glycosaminoglycan-protein interactions}},
    year = {2006},
    journal = {Carbohydr. Res.},
    author = {Imberty, Anne and Lortat-Jacob, Hugues and P{\'{e}}rez, Serge},
    pages = {430--439},
    volume = {342},
    isbn = {10.1371/journal.pone.0044348},
    doi = {10.1016/j.carres.2006.12.019},
    issn = {00086215},
    pmid = {22952961},
    keywords = {Crystallography, Glycosaminoglycans, Interactions, Molecular modeling}
}

@incollection{Casu2005,
    title = {{Structure and Active Domains of Heparin}},
    year = {2005},
    booktitle = {Chemistry and Biology of Heparin and Heparan Sulfate},
    author = {Casu, Benito},
    pages = {1--28},
    publisher = {Elsevier},
    url = {http://linkinghub.elsevier.com/retrieve/pii/B9780080448596500022},
    doi = {10.1016/B978-008044859-6/50002-2}
}

@incollection{Grindley2008,
    title = {{Structure and Conformation of Carbohydrates}},
    year = {2008},
    booktitle = {Glycoscience},
    author = {Grindley, T. Bruce},
    pages = {3--55},
    publisher = {Springer Berlin Heidelberg},
    url = {http://link.springer.com/10.1007/978-3-540-30429-6_1},
    address = {Berlin, Heidelberg},
    doi = {10.1007/978-3-540-30429-6{\_}1}
}

@article{Digabriele1998,
    title = {{Structure of a heparin-linked biologically active dimer of fibroblast growth factor}},
    year = {1998},
    journal = {Nat.},
    author = {Digabriele, A. D. and Lax, I. and Chen, D. I. and Svahn, C. M. and Jaye, M. and Schlessinger, J. and Hendrickson, W. A.},
    isbn = {0028-0836},
    doi = {10.1038/31741},
    issn = {00280836},
    pmid = {9655399}
}

@article{Li2004,
    title = {{Structure of the antithrombin–thrombin–heparin ternary complex reveals the antithrombotic mechanism of heparin}},
    year = {2004},
    journal = {Nat. Struct. Mol. Biol.},
    author = {Li, Wei and Johnson, Daniel J D and Esmon, Charles T and Huntington, James A},
    number = {9},
    month = {9},
    pages = {857--862},
    volume = {11},
    url = {http://www.ncbi.nlm.nih.gov/pubmed/15311269 http://www.nature.com/articles/nsmb811},
    doi = {10.1038/nsmb811},
    issn = {1545-9993},
    pmid = {15311269}
}

@article{Rigden2003,
    title = {{Structures of streptococcus pneumoniae hyaluronate lyase in complex with chondroitin and chondroitin sulfate disaccharides: Insights into specificity and mechanism of action}},
    year = {2003},
    journal = {J. Biol. Chem.},
    author = {Rigden, Daniel J. and Jedrzejas, Mark J.},
    isbn = {0021-9258},
    doi = {10.1074/jbc.M307596200},
    issn = {00219258},
    pmid = {14523022}
}

@article{Swarup2013,
    title = {{Sugar glues for broken neurons}},
    year = {2013},
    journal = {Biomol. Con.},
    author = {Swarup, Vimal P. and Mencio, Caitlin P. and Hlady, Vladimir and Kuberan, Balagurunathan},
    number = {3},
    month = {1},
    pages = {233--257},
    volume = {4},
    publisher = {De Gruyter},
    url = {https://www.degruyter.com/view/j/bmc.2013.4.issue-3/bmc-2012-0042/bmc-2012-0042.xml},
    doi = {10.1515/bmc-2012-0042},
    issn = {1868-503X},
    keywords = {chondroitin sulfate, glycosaminoglycans, heparan sulfate, nervous system disorders, proteoglycans, spinal cord injury, sulfotransferases}
}

@article{SoaresdaCosta2017,
    title = {{Sulfation of Glycosaminoglycans and Its Implications in Human Health and Disorders}},
    year = {2017},
    journal = {Ann. Rev. Biom. Eng.},
    author = {Soares da Costa, Diana and Reis, Rui L. and Pashkuleva, Iva},
    number = {1},
    pages = {1--26},
    volume = {19},
    url = {http://www.annualreviews.org/doi/10.1146/annurev-bioeng-071516-044610},
    doi = {10.1146/annurev-bioeng-071516-044610},
    issn = {1523-9829},
    pmid = {28226217},
    keywords = {biomaterials, chondroitin sulfate, heparan sulfate, heparin, keratan sulfate}
}

@article{Habuchi2004,
    title = {{Sulfation pattern in glycosaminoglycan: Does it have a code?}},
    year = {2004},
    journal = {Glycoconjugate Journal},
    author = {Habuchi, Hiroko and Habuchi, Osami and Kimata, Koji},
    number = {1-2},
    pages = {47--52},
    volume = {21},
    isbn = {0282-0080 (Print)},
    doi = {10.1023/B:GLYC.0000043747.87325.5e},
    issn = {02820080},
    pmid = {15467398},
    keywords = {glycosaminoglycan, growth factors, heparan sulfate, morphogen, sulfotransferases}
}

@article{Gama2006,
    title = {{Sulfation patterns of glycosaminoglycans encode molecular recognition and activity}},
    year = {2006},
    journal = {Nat. Chem. Biol.},
    author = {Gama, Cristal I. and Tully, Sarah E. and Sotogaku, Naoki and Clark, Peter M. and Rawat, Manish and Vaidehi, Nagarajan and Goddard, William A. and Nishi, Akinori and Hsieh-Wilson, Linda C.},
    number = {9},
    pages = {467--473},
    volume = {2},
    isbn = {1552-4450 (Print){\textbackslash}n1552-4450 (Linking)},
    doi = {10.1038/nchembio810},
    issn = {15524469},
    pmid = {16878128}
}

@article{Griffith,
    title = {{Supporting Information ( SI Appendix ) Predicting glycosaminoglycan-surface protein interactions : Implications for studying axonal growth}},
    author = {Griffith, Adam R and Rogers, Claude J and Miller, Gregory M and Abrol, Ravinder and Linda, C and Goddard, William A},
    number = {Md}
}

@article{Hendrix1998,
    title = {{Surface solid angle-based site points for molecular docking.}},
    year = {1998},
    journal = {Pacific Symposium on Biocomputing.},
    author = {Hendrix, D K and Kuntz, I D},
    pages = {317–26},
    issn = {2335-6936},
    pmid = {9697192}
}

@article{Varki2009,
    title = {{Symbol nomenclature for glycan representation}},
    year = {2009},
    journal = {Proteomics},
    author = {Varki, Ajit and Cummings, Richard D. and Esko, Jeffrey D. and Freeze, Hudson H. and Stanley, Pamela and Marth, Jamey D. and Bertozzi, Carolyn R. and Hart, Gerald W. and Etzler, Marilynn E.},
    pages = {5398--5399},
    volume = {9},
    isbn = {1185853456},
    doi = {10.1002/pmic.200900708},
    issn = {16159853},
    pmid = {19902428},
    keywords = {Glycans, Glycomics, Glycoproteomics, Monosaccharides, Nomenclature, Symbols}
}

@article{Das2001,
    title = {{Synthesis of Conformationally Lockedl-Iduronic Acid Derivatives: Direct Evidence for a Critical Role of the Skew-Boat2S0 Conformer in the Activation of Antithrombin by Heparin}},
    year = {2001},
    journal = {Chem. Euro. J.},
    author = {Das, Sanjoy K. and Mallet, Jean-Maurice and Esnault, Jacques and Driguez, Pierre-Alexandre and Duchaussoy, Philippe and Sizun, Philippe and Herault, Jean-Pascal and Herbert, Jean-Marc and Petitou, Maurice and Sina{\"{y}}, Pierre},
    number = {22},
    month = {11},
    pages = {4821--4834},
    volume = {7},
    publisher = {Wiley-Blackwell},
    url = {http://doi.wiley.com/10.1002/1521-3765%2820011119%297%3A22%3C4821%3A%3AAID-CHEM4821%3E3.0.CO%3B2-N},
    doi = {10.1002/1521-3765(20011119)7:22<4821::AID-CHEM4821>3.0.CO;2-N},
    issn = {0947-6539},
    keywords = {antithrombin, carbohydrates, glycosylation, heparin, iduronic acid}
}

@article{VanAmsterdam1995,
    title = {{Synthetic Analogues of the Antithrombin III– Binding Pentasaccharide Sequence of Heparin}},
    year = {1995},
    journal = {Arteriosclerosis},
    author = {van Amsterdam, Ronald G.M. and Vogel, Gerard M.T. and Visser, Arie and Kop, Wim J. and Buiting, Marc T. and Meuleman, Dirk G.},
    number = {4},
    month = {4},
    pages = {495--503},
    volume = {15},
    url = {https://www.ahajournals.org/doi/10.1161/01.ATV.15.4.495},
    doi = {10.1161/01.ATV.15.4.495},
    issn = {1079-5642}
}

@article{Avci2003,
    title = {{Synthetic Oligosaccharides as Heparin-Mimetics Displaying Anticoagulant Properties}},
    year = {2003},
    journal = {Curr. Pharm. Des.},
    author = {Avci, Fikri and Karst, Nathalie and Linhardt, Robert},
    number = {28},
    month = {11},
    pages = {2323--2335},
    volume = {9},
    url = {http://www.eurekaselect.com/openurl/content.php?genre=article&issn=1381-6128&volume=9&issue=28&spage=2323},
    doi = {10.2174/1381612033453929},
    issn = {13816128}
}

@article{DePaz2001,
    title = {{The Activation of Fibroblast Growth Factors by Heparin: Synthesis, Structure, and Biological Activity of Heparin-Like Oligosaccharides}},
    year = {2001},
    journal = {Chem. Bio. Chem.},
    author = {de Paz, José-Luis and Angulo, Jesús and Lassaletta, José-María and Nieto, Pedro M. and Redondo-Horcajo, Mariano and Lozano, Rosa M. and Gim{\'{e}}nez-Gallego, Guillermo and Mart{\'{i}}n-Lomas, Manuel},
    number = {9},
    month = {9},
    pages = {673--685},
    volume = {2},
    publisher = {Wiley-Blackwell},
    url = {http://doi.wiley.com/10.1002/1439-7633%2820010903%292%3A9%3C673%3A%3AAID-CBIC673%3E3.0.CO%3B2-7},
    doi = {10.1002/1439-7633(20010903)2:9<673::AID-CBIC673>3.0.CO;2-7},
    issn = {14394227},
    keywords = {conformation analysis, growth factor activation, heparin, oligosaccharides, synthesis design}
}

@article{Kozakov2017,
    title = {{The ClusPro web server for protein-protein docking.}},
    year = {2017},
    journal = {Nat. Protoc.},
    author = {Kozakov, Dima and Hall, David R and Xia, Bing and Porter, Kathryn A and Padhorny, Dzmitry and Yueh, Christine and Beglov, Dmitri and Vajda, Sandor},
    number = {2},
    month = {2},
    pages = {255--278},
    volume = {12},
    publisher = {NIH Public Access},
    url = {http://www.ncbi.nlm.nih.gov/pubmed/28079879 http://www.pubmedcentral.nih.gov/articlerender.fcgi?artid=PMC5540229},
    doi = {10.1038/nprot.2016.169},
    issn = {1750-2799},
    pmid = {28079879}
}

@article{Trobec1997,
    title = {{The Complexity of Parallel Symplectic Molecular Dynamics Algorithms}},
    year = {1997},
    journal = {J. Chem. Inf. Comput. Sci. 1997,},
    author = {Trobec, Roman and Merzel, Franci and Jane{\v{z}}i{\v{c}}, Dušanka},
    pages = {1055--1062},
    volume = {37},
    url = {https://pubs.acs.org/sharingguidelines}
}

@techreport{Whitfield2013,
    title = {{The computational complexity of density functional theory}},
    year = {2013},
    author = {Whitfield, James Daniel and Schuch, Norbert and Verstraete, Frank and Daniel, James and Vcq, Whitfield},
    arxivId = {1306.1259v1},
    keywords = {()}
}

@article{Johnson1966,
    title = {{The crystal structure of <i>N</i> -acetyl-{$\alpha$}- D -glycosamine}},
    year = {1966},
    journal = {Acta Crystallographica},
    author = {Johnson, L. N.},
    number = {6},
    month = {12},
    pages = {885--891},
    volume = {21},
    url = {http://scripts.iucr.org/cgi-bin/paper?S0365110X66004146},
    doi = {10.1107/S0365110X66004146},
    issn = {0365-110X}
}

@article{Woods1998,
    title = {{The high degree of internal flexibility observed for an oligomannose oligosaccharide does not alter the overall topology of the molecule}},
    year = {1998},
    journal = {Eur. J. Biochem},
    author = {Woods, Robert J and Pathiaseril, Ahammadunny and Wormald, Mark R and Edge, Christopher J and Dwek, Raymond A},
    pages = {372--386},
    volume = {258},
    url = {https://febs.onlinelibrary.wiley.com/doi/pdf/10.1046/j.1432-1327.1998.2580372.x},
    keywords = {AMBER, GLYCAM, GlcNAc, ISPA, MBP, MD, MORASS, N-acetylglucosamine or N-acetylglucosaminy, NMR, NOE, assisted mode, gauche-gauche, gauche-trans, gg, glycoproteins and carbohydrates with AMBER, gt, isolated spin-pair approximation, man-nose-binding protein, molecular dynamics, multispin Overhauser relaxation analysis a, oligosaccharide Abbreviations AMBER, simulations, tg, trans-gauche}
}

@book{AmericanSocietyofBiologicalChemists.,
    title = {{The Journal of biological chemistry.}},
    author = {{American Society of Biological Chemists.} and {Rockefeller Institute for Medical Research.} and {American Society for Biochemistry and Molecular Biology.}},
    publisher = {American Society for Biochemistry and Molecular Biology},
    url = {http://www.jbc.org.ezproxy.library.uq.edu.au/content/257/1/400},
    issn = {1083-351X}
}

@techreport{Berman2000,
    title = {{The Protein Data Bank}},
    year = {2000},
    booktitle = {Nucleic Acids Res.},
    author = {Berman, Helen M and Westbrook, John and Feng, Zukang and Gilliland, Gary and Bhat, T N and Weissig, Helge and Shindyalov, Ilya N and Bourne, Philip E},
    number = {1},
    volume = {28},
    url = {http://www.rcsb.org/pdb/status.html}
}

@article{Mohamed2016,
    title = {{The stereoselectivities of tributyltin hydride-mediated reductions of 5-bromo-d-glucuronides to l-iduronides are dependent on the anomeric substituent: Syntheses and DFT calculations}},
    year = {2016},
    journal = {Org. Biomol. Chem.},
    author = {Mohamed, Shifaza and Krenske, Elizabeth H. and Ferro, Vito},
    number = {10},
    pages = {2950--2960},
    volume = {14},
    doi = {10.1039/c6ob00283h},
    issn = {14770520}
}

@article{Gandhi2008,
    title = {{The Structure of Glycosaminoglycans and their Interactions with Proteins}},
    year = {2008},
    journal = {Chem. Biol. Drug Des.},
    author = {Gandhi, Neha S. and Mancera, Ricardo L.},
    number = {6},
    month = {12},
    pages = {455--482},
    volume = {72},
    publisher = {Wiley/Blackwell (10.1111)},
    url = {http://doi.wiley.com/10.1111/j.1747-0285.2008.00741.x},
    doi = {10.1111/j.1747-0285.2008.00741.x},
    issn = {17470277},
    keywords = {carbohydrates, chondroitin sulphate, dermatan sulphate, glycosaminoglycans, heparan sulphate, heparin, hyaluronic acid, keratan sulphate, proteoglycans}
}

@article{Dementiev2004,
    title = {{The ternary complex of antithrombin–anhydrothrombin–heparin reveals the basis of inhibitor specificity}},
    year = {2004},
    journal = {Nat. Struct. Mol. Biol.},
    author = {Dementiev, Alexey and Petitou, Maurice and Herbert, Jean-Marc and Gettins, Peter G W},
    number = {9},
    month = {9},
    pages = {863--867},
    volume = {11},
    publisher = {Nature Publishing Group},
    url = {http://www.nature.com/articles/nsmb810},
    doi = {10.1038/nsmb810},
    issn = {1545-9993}
}

@article{Shaw2004,
    title = {{The X-Ray Structure of RANTES}},
    year = {2004},
    journal = {Structure},
    author = {Shaw, Jeffrey P. and Johnson, Zoë and Borlat, Frédéric and Zwahlen, Catherine and Kungl, Andreas and Roulin, Karen and Harrenga, Axel and Wells, Timothy N.C. and Proudfoot, Amanda E.I.},
    number = {11},
    month = {11},
    pages = {2081--2093},
    volume = {12},
    url = {http://www.ncbi.nlm.nih.gov/pubmed/15530372 http://linkinghub.elsevier.com/retrieve/pii/S0969212604003430},
    doi = {10.1016/j.str.2004.08.014},
    issn = {09692126},
    pmid = {15530372}
}

@article{Shaw2004b,
    title = {{The X-ray structure of RANTES: Heparin-derived disaccharides allows the rational design of chemokine inhibitors}},
    year = {2004},
    journal = {Struct.},
    author = {Shaw, Jeffrey P. and Johnson, Zoë and Borlat, Frédéric and Zwahlen, Catherine and Kungl, Andreas and Roulin, Karen and Harrenga, Axel and Wells, Timothy N C and Proudfoot, Amanda E I},
    number = {11},
    pages = {2081--2093},
    volume = {12},
    isbn = {0969-2126 (Print){\textbackslash}r0969-2126 (Linking)},
    doi = {10.1016/j.str.2004.08.014},
    issn = {09692126},
    pmid = {15530372}
}

@incollection{Curtiss2007,
    title = {{Theoretical Methods for Computing Enthalpies of Formation of Gaseous Compounds}},
    year = {2007},
    author = {Curtiss, Larry A. and Redfern, Paul C. and Frurip, David J.},
    month = {1},
    pages = {147--211},
    publisher = {Wiley-Blackwell},
    url = {http://doi.wiley.com/10.1002/9780470125922.ch3},
    doi = {10.1002/9780470125922.ch3},
    keywords = {ab initio molecular orbital methods, benson's method, bond energy approach, enthalpy formation, gaseous compounds}
}

@article{Clore1990,
    title = {{Three-dimensional structure of interleukin 8 in solution.}},
    year = {1990},
    journal = {Biochemistry},
    author = {Clore, G M and Appella, E and Yamada, M and Matsushima, K and Gronenborn, A M},
    number = {7},
    month = {2},
    pages = {1689--96},
    volume = {29},
    url = {http://www.ncbi.nlm.nih.gov/pubmed/2184886},
    issn = {0006-2960},
    pmid = {2184886}
}

@article{Frebelius1996,
    title = {{Thrombin Inhibition by Antithrombin III on the Subendothelium Is Explained by the Isoform AT{$\beta$}}},
    year = {1996},
    journal = {Arteriosclerosis},
    author = {Frebelius, Siw and Isaksson, Sven and Swedenborg, Jesper},
    number = {10},
    month = {10},
    pages = {1292--1297},
    volume = {16},
    url = {https://www.ahajournals.org/doi/10.1161/01.ATV.16.10.1292},
    doi = {10.1161/01.ATV.16.10.1292},
    issn = {1079-5642}
}

@article{Sankaranarayanan2014,
    title = {{Toward a robust computational screening strategy for identifying glycosaminoglycan sequences that display high specificity for target proteins}},
    year = {2014},
    journal = {Glycobiology},
    author = {Sankaranarayanan, Nehru Viji and Desai, Umesh R.},
    number = {12},
    pages = {1323--1333},
    volume = {24},
    doi = {10.1093/glycob/cwu077},
    issn = {14602423},
    pmid = {25049239},
    keywords = {Glycosaminoglycans, Heparin/heparan sulfate, Molecular docking, Specificity, Virtual screening}
}

@article{Pettersen2004,
    title = {{UCSF Chimera - A visualization system for exploratory research and analysis}},
    year = {2004},
    journal = {J. Comput. Chem.},
    author = {Pettersen, Eric F. and Goddard, Thomas D. and Huang, Conrad C. and Couch, Gregory S. and Greenblatt, Daniel M. and Meng, Elaine C. and Ferrin, Thomas E.},
    isbn = {0192-8651 (Print){\textbackslash}n0192-8651 (Linking)},
    doi = {10.1002/jcc.20084},
    issn = {01928651},
    pmid = {15264254},
    arxivId = {arXiv:1011.1669v3},
    keywords = {Extensibility, Molecular graphics, Multiscale modeling, Sequence alignment, Visualization}
}

@article{Hsieh2016,
    title = {{Uncovering the Relationship between Sulphation Patterns and Conformation of Iduronic Acid in Heparan Sulphate}},
    year = {2016},
    journal = {Sci. Rep.},
    author = {Hsieh, Po Hung and Thieker, David F. and Guerrini, Marco and Woods, Robert J. and Liu, Jian},
    number = {May},
    pages = {1--8},
    volume = {6},
    publisher = {Nature Publishing Group},
    url = {http://dx.doi.org/10.1038/srep29602},
    isbn = {9198436511},
    doi = {10.1038/srep29602},
    issn = {20452322},
    pmid = {27412370}
}

@article{Hsieh2016a,
    title = {{Uncovering the Relationship between Sulphation Patterns and Conformation of Iduronic Acid in Heparan Sulphate}},
    year = {2016},
    journal = {Sci. Rep.},
    author = {Hsieh, Po-Hung and Thieker, David F. and Guerrini, Marco and Woods, Robert J. and Liu, Jian},
    number = {1},
    month = {9},
    pages = {29602},
    volume = {6},
    url = {http://www.nature.com/articles/srep29602},
    doi = {10.1038/srep29602},
    issn = {2045-2322}
}

@article{Nivedha2016,
    title = {{Vina-Carb: Improving Glycosidic Angles during Carbohydrate Docking}},
    year = {2016},
    journal = {J. Chem. Theory Comput.},
    author = {Nivedha, Anita K. and Thieker, David F. and Makeneni, Spandana and Hu, Huimin and Woods, Robert J.},
    pages = {892--901},
    volume = {12},
    isbn = {0000000000000},
    doi = {10.1021/acs.jctc.5b00834},
    issn = {15499626},
    pmid = {26744922},
    arxivId = {15334406}
}

@article{Nivedha2016a,
    title = {{Vina-Carb: Improving Glycosidic Angles during Carbohydrate Docking}},
    year = {2016},
    journal = {J. Chem. Theory Comput.},
    author = {Nivedha, Anita K. and Thieker, David F. and Makeneni, Spandana and Hu, Huimin and Woods, Robert J.},
    number = {2},
    pages = {892--901},
    volume = {12},
    isbn = {0000000000000},
    doi = {10.1021/acs.jctc.5b00834},
    issn = {15499626},
    pmid = {26744922},
    arxivId = {15334406}
}

@misc{Smyth2000,
    title = {{x Ray crystallography}},
    year = {2000},
    booktitle = {J. Clin. Path. Mol. Path.},
    author = {Smyth, M. S. and Martin, J. H.J.},
    isbn = {1366-8714},
    doi = {10.1136/mp.53.1.8},
    issn = {13668714},
    pmid = {10884915},
    keywords = {Protein structure, Three dimensional structure, x ray crystallography}
}

@book{Butterfield2016AScience,
    title = {{A Dictionary of Computer Science}},
    year = {2016},
    author = {Butterfield, A. (Andrew) and Ngondi, Gerard Ekembe and Kerr, Anne},
    edition = {7th},
    pages = {608},
    publisher = {Oxford University Press},
    url = {http://www.oxfordreference.com/view/10.1093/acref/9780199688975.001.0001/acref-9780199688975},
    address = {Oxford},
    isbn = {9780199688975},
    doi = {10.1093/acref/9780199688975.001.0001},
    issn = {1098-6596},
    pmid = {25246403},
    arxivId = {arXiv:1011.1669v3}
}

@article{Boeyens1970A293b,
    title = {{A Treatise on the Mathematical Theory of Elasticity, Section 293b}},
    year = {1970},
    journal = {J. Cryst. Mol. Struct},
    author = {Boeyens, Jan and A Boeyens, Jan C and Evans, Deborah G and Deborah Evans, BY G and A Boevens, Jan C},
    pages = {581--590},
    volume = {92},
    publisher = {McGraw-Hill},
    url = {https://www.researchgate.net/publication/244625819},
    doi = {10.1107/S0108768189008190}
}

@article{Enright2002AnFamilies,
    title = {{An efficient algorithm for large-scale detection of protein families}},
    year = {2002},
    journal = {Nucleic acids research},
    author = {Enright, A J and Van Dongen, S and Ouzounis, C A},
    number = {7},
    month = {4},
    pages = {1575--1584},
    volume = {30},
    publisher = {Oxford University Press},
    url = {https://www.ncbi.nlm.nih.gov/pubmed/11917018 https://www.ncbi.nlm.nih.gov/pmc/PMC101833/},
    issn = {1362-4962}
}

@article{Li2018AssessingBenchmark,
    title = {{Assessing protein–ligand interaction scoring functions with the CASF-2013 benchmark}},
    year = {2018},
    journal = {Nature Protocols},
    author = {Li, Yan and Su, Minyi and Liu, Zhihai and Li, Jie and Liu, Jie and Han, Li and Wang, Renxiao},
    number = {4},
    month = {3},
    pages = {666--680},
    volume = {13},
    publisher = {Nature Publishing Group},
    url = {http://www.nature.com/doifinder/10.1038/nprot.2017.114},
    doi = {10.1038/nprot.2017.114},
    issn = {1754-2189},
    keywords = {Computational chemistry, Computational models, Structure, based drug design}
}

@techreport{GomesAtomicAffinity,
    title = {{Atomic Convolutional Networks for Predicting Protein-Ligand Binding Affinity}},
    author = {Gomes, Joseph and Ramsundar, Bharath and Feinberg, Evan N and Pande, Vijay S},
    url = {https://arxiv.org/pdf/1703.10603.pdf},
    arxivId = {1703.10603v1}
}

@article{Cai2015AtomicThrombocytopenia,
    title = {{Atomic description of the immune complex involved in heparin-induced thrombocytopenia}},
    year = {2015},
    journal = {Nature Communications},
    author = {Cai, Zheng and Yarovoi, Serge V. and Zhu, Zhiqiang and Rauova, Lubica and Hayes, Vincent and Lebedeva, Tatiana and Liu, Qun and Poncz, Mortimer and Arepally, Gowthami and Cines, Douglas B. and Greene, Mark I.},
    number = {1},
    month = {12},
    pages = {8277},
    volume = {6},
    publisher = {Nature Publishing Group},
    url = {http://www.nature.com/articles/ncomms9277},
    doi = {10.1038/ncomms9277},
    issn = {2041-1723},
    keywords = {Medical research, Pharmacology, Thrombosis}
}

@article{Morris2009AutoDock4Flexibility.,
    title = {{AutoDock4 and AutoDockTools4: Automated docking with selective receptor flexibility.}},
    year = {2009},
    journal = {Journal of computational chemistry},
    author = {Morris, Garrett M and Huey, Ruth and Lindstrom, William and Sanner, Michel F and Belew, Richard K and Goodsell, David S and Olson, Arthur J},
    number = {16},
    month = {12},
    pages = {2785--91},
    volume = {30},
    url = {http://doi.wiley.com/10.1002/jcc.21256 http://www.ncbi.nlm.nih.gov/pubmed/19399780 http://www.pubmedcentral.nih.gov/articlerender.fcgi?artid=PMC2760638},
    doi = {10.1002/jcc.21256},
    issn = {1096-987X},
    pmid = {19399780}
}

@article{Morris1998AutomatedFunction,
    title = {{Automated Docking Using a Lamarckian Genetic Algorithm and an Empirical Binding Free Energy Function}},
    year = {1998},
    journal = {J. Comput. Chem.},
    author = {Morris, Garrett M and Goodsell, David S and Halliday, Robert S and Huey, Ruth and Hart, William E and Belew, Richard K and Olson, Arthur J},
    number = {14},
    pages = {1639--1662},
    volume = {19},
    publisher = {John Wiley {\&} Sons, Inc},
    url = {https://onlinelibrary.wiley.com/doi/pdf/10.1002/(SICI)1096-987X(19981115)19:14%3C1639::AID-JCC10%3E3.0.CO;2-B},
    issn = {0192-8651},
    keywords = {automated docking, binding affinity, drug design, flexible small molecule protein interaction, genetic algorithm}
}

@article{Iobst1994BindingMutagenesis.,
    title = {{Binding of sugar ligands to Ca(2+)-dependent animal lectins. II. Generation of high-affinity galactose binding by site-directed mutagenesis.}},
    year = {1994},
    journal = {The Journal of biological chemistry},
    author = {Iobst, S T and Drickamer, K},
    number = {22},
    month = {6},
    pages = {15512--9},
    volume = {269},
    url = {http://www.ncbi.nlm.nih.gov/pubmed/8195195},
    issn = {0021-9258},
    pmid = {8195195}
}

@article{Agirre2015CarbohydratePDB,
    title = {{Carbohydrate anomalies in the PDB}},
    year = {2015},
    journal = {Nature Chemical Biology},
    author = {Agirre, Jon and Davies, Gideon and Wilson, Keith and Cowtan, Kevin},
    number = {5},
    month = {5},
    pages = {303--303},
    volume = {11},
    url = {http://www.ncbi.nlm.nih.gov/pubmed/25885951 http://www.nature.com/articles/nchembio.1798},
    doi = {10.1038/nchembio.1798},
    issn = {1552-4450},
    pmid = {25885951}
}

@article{Raju2009CarbohydratearomaticMethod,
    title = {{Carbohydrate–aromatic {$\pi$} interactions: a test of density functionals and the DFT-D method}},
    year = {2009},
    journal = {Physical Chemistry Chemical Physics},
    author = {Raju, Rajesh K. and Ramraj, Anitha and Hillier, Ian H. and Vincent, Mark A. and Burton, Neil A.},
    number = {18},
    month = {4},
    pages = {3411},
    volume = {11},
    publisher = {The Royal Society of Chemistry},
    url = {http://xlink.rsc.org/?DOI=b822877a},
    doi = {10.1039/b822877a},
    issn = {1463-9076}
}

@article{Catusse2003CharacterizationCXCR2,
    title = {{Characterization of the molecular interactions of interleukin-8 (CXCL8), growth related oncogen {$\alpha$} (CXCL1) and a non-peptide antagonist (SB 225002) with the human CXCR2}},
    year = {2003},
    journal = {Biochemical Pharmacology},
    author = {Catusse, Julie and Liotard, Anne and Loillier, Bruno and Pruneau, Didier and Paquet, Jean-Luc},
    number = {5},
    month = {3},
    pages = {813--821},
    volume = {65},
    url = {http://linkinghub.elsevier.com/retrieve/pii/S0006295202016192},
    doi = {10.1016/S0006-2952(02)01619-2},
    issn = {00062952}
}

@article{Mende2016ChemicalGlycosaminoglycans,
    title = {{Chemical Synthesis of Glycosaminoglycans}},
    year = {2016},
    journal = {Chem. Rev.},
    author = {Mende, Marco and Bednarek, Christin and Wawryszyn, Mirella and Sauter, Paul and Biskup, Moritz B. and Schepers, Ute and Br{\"{a}}se, Stefan},
    number = {14},
    month = {7},
    pages = {8193--8255},
    volume = {116},
    publisher = {American Chemical Society},
    url = {http://pubs.acs.org/doi/10.1021/acs.chemrev.6b00010},
    doi = {10.1021/acs.chemrev.6b00010}
}

@article{Liu2015ClassificationFunctions.,
    title = {{Classification of current scoring functions.}},
    year = {2015},
    journal = {Journal of chemical information and modeling},
    author = {Liu, Jie and Wang, Renxiao},
    number = {3},
    month = {3},
    pages = {475--82},
    volume = {55},
    url = {http://pubs.acs.org/doi/10.1021/ci500731a http://www.ncbi.nlm.nih.gov/pubmed/25647463},
    doi = {10.1021/ci500731a},
    issn = {1549-960X},
    pmid = {25647463}
}

@article{Yin1998CombinedabParameters,
    title = {{Combinedab initio/empirical approach for optimization of Lennard-Jones parameters}},
    year = {1998},
    journal = {Journal of Computational Chemistry},
    author = {Yin, Daxu and MacKerell, Alexander D.},
    number = {3},
    month = {2},
    pages = {334--348},
    volume = {19},
    publisher = {John Wiley {\&} Sons, Ltd},
    url = {http://doi.wiley.com/10.1002/%28SICI%291096-987X%28199802%2919%3A3%3C334%3A%3AAID-JCC7%3E3.0.CO%3B2-U},
    doi = {10.1002/(SICI)1096-987X(199802)19:3<334::AID-JCC7>3.0.CO;2-U},
    issn = {0192-8651},
    keywords = {CHARMM, helium, neon, parameters, parametrization}
}

@article{Gandhi2012Computationalheparanase,
    title = {{Computational analyses of the catalytic and heparin-binding sites and their interactions with glycosaminoglycans in glycoside hydrolase family 79 endo-{$\beta$}-d-glucuronidase (heparanase)}},
    year = {2012},
    journal = {Glycobiol.},
    author = {Gandhi, Neha S and Freeman, Craig and Parish, Christopher R and Mancera, Ricardo L},
    number = {1},
    month = {1},
    pages = {35--55},
    volume = {22},
    publisher = {Oxford University Press},
    url = {https://academic.oup.com/glycob/article-lookup/doi/10.1093/glycob/cwr095},
    doi = {10.1093/glycob/cwr095},
    issn = {1460-2423}
}

@article{Goldreich2008ComputationalComplexity,
    title = {{Computational complexity}},
    year = {2008},
    journal = {ACM SIGACT News},
    author = {Goldreich, Oded and {Oded}},
    number = {3},
    month = {9},
    pages = {35},
    volume = {39},
    publisher = {ACM},
    url = {http://portal.acm.org/citation.cfm?doid=1412700.1412710},
    doi = {10.1145/1412700.1412710},
    issn = {01635700}
}

@article{Woods2010ComputationalComplexes,
    title = {{Computational glycoscience: characterizing the spatial and temporal properties of glycans and glycan–protein complexes}},
    year = {2010},
    journal = {Curr. Op. Struct. Bio.},
    author = {Woods, Robert J and Tessier, Matthew B},
    number = {5},
    month = {10},
    pages = {575--583},
    volume = {20},
    publisher = {Elsevier Current Trends},
    url = {https://www.sciencedirect.com/science/article/pii/S0959440X10001211},
    doi = {10.1016/J.SBI.2010.07.005},
    issn = {0959-440X}
}

@article{Sliwoski2014ComputationalDiscovery.,
    title = {{Computational methods in drug discovery.}},
    year = {2014},
    journal = {Pharmacological reviews},
    author = {Sliwoski, Gregory and Kothiwale, Sandeepkumar and Meiler, Jens and Lowe, Edward W},
    number = {1},
    month = {12},
    pages = {334--95},
    volume = {66},
    url = {http://pharmrev.aspetjournals.org/cgi/doi/10.1124/pr.112.007336 http://www.ncbi.nlm.nih.gov/pubmed/24381236 http://www.pubmedcentral.nih.gov/articlerender.fcgi?artid=PMC3880464},
    doi = {10.1124/pr.112.007336},
    issn = {1521-0081},
    pmid = {24381236}
}

@article{Neumann2004ComputationalInteraction,
    title = {{Computational modeling of the sugar–lectin interaction}},
    year = {2004},
    journal = {Advanced Drug Delivery Reviews},
    author = {Neumann, Dirk and Lehr, Claus-Michael and Lenhof, Hans-Peter and Kohlbacher, Oliver},
    number = {4},
    month = {3},
    pages = {437--457},
    volume = {56},
    publisher = {Elsevier},
    url = {https://www-sciencedirect-com.ezproxy.library.uq.edu.au/science/article/pii/S0169409X03002291},
    doi = {10.1016/J.ADDR.2003.10.019},
    issn = {0169-409X}
}

@article{Berezin2004ConSeq:Sequences,
    title = {{ConSeq: the identification of functionally and structurally important residues in protein sequences}},
    year = {2004},
    journal = {BIOINFORMATICS APPLICATIONS NOTE},
    author = {Berezin, Carine and Glaser, Fabian and Rosenberg, Josef and Paz, Inbal and Pupko, Tal and Fariselli, Piero and Casadio, Rita and Ben-Tal, Nir},
    number = {8},
    pages = {1322--1324},
    volume = {20},
    url = {http://conseq.bioinfo.tau.ac.il/},
    doi = {10.1093/bioinformatics/bth070}
}

@article{Bhunia2008ConsistentBinding,
    title = {{Consistent Bioactive Conformation of the Neu5Ac{$\alpha$}(2→3)Gal Epitope Upon Lectin Binding}},
    year = {2008},
    journal = {Chem. Bio. Chem.},
    author = {Bhunia, Anirban and Schwardt, Oliver and G{\"{a}}thje, Heiko and Gao, Gan-Pan and Kelm, Soerge and Benie, Andrew J. and Hricovini, Milos and Peters, Thomas and Ernst, Beat},
    number = {18},
    month = {12},
    pages = {2941--2945},
    volume = {9},
    publisher = {Wiley-Blackwell},
    url = {http://doi.wiley.com/10.1002/cbic.200800458},
    doi = {10.1002/cbic.200800458},
    issn = {14394227},
    keywords = {NMR spectroscopy, bioactive conformation, docking, inhibitors, myelin‐associated glycoprotein}
}

@article{Landau2005ConSurfStructures,
    title = {{ConSurf 2005: the projection of evolutionary conservation scores of residues on protein structures}},
    year = {2005},
    journal = {Nucleic Acids Research},
    author = {Landau, M. and Mayrose, I. and Rosenberg, Y. and Glaser, F. and Martz, E. and Pupko, T. and Ben-Tal, N.},
    number = {Web Server},
    month = {7},
    pages = {W299-W302},
    volume = {33},
    publisher = {Oxford University Press},
    url = {https://academic.oup.com/nar/article-lookup/doi/10.1093/nar/gki370},
    doi = {10.1093/nar/gki370},
    issn = {0305-1048}
}

@article{Ashkenazy2016ConSurfMacromolecules,
    title = {{ConSurf 2016: an improved methodology to estimate and visualize evolutionary conservation in macromolecules}},
    year = {2016},
    journal = {Nucleic Acids Research},
    author = {Ashkenazy, Haim and Abadi, Shiran and Martz, Eric and Chay, Ofer and Mayrose, Itay and Pupko, Tal and Ben-Tal, Nir},
    number = {W1},
    month = {7},
    pages = {W344-W350},
    volume = {44},
    publisher = {Oxford University Press},
    url = {https://academic.oup.com/nar/article-lookup/doi/10.1093/nar/gkw408},
    doi = {10.1093/nar/gkw408},
    issn = {0305-1048},
    keywords = {amino acids, dna, macromolecule, mapt gene, molecule, nucleic acids, personal integrity, rna, sequence alignment, trees (plant)}
}

@article{SteinCross-speciesFieldsw,
    title = {{Cross-species analysis of the glycolytic pathway by comparison of molecular interaction fieldsw}},
    author = {Stein, Matthias and Gabdoullinez Ab, Razif R and Wade, Rebecca C},
    url = {www.rsc.org/molecularbiosystems},
    doi = {10.1039/b912398a}
}

@article{Sepuru2016CXCL1/MGSAChemokine,
    title = {{CXCL1/MGSA Is a Novel Glycosaminoglycan (GAG)-binding Chemokine}},
    year = {2016},
    journal = {Journal of Biological Chemistry},
    author = {Sepuru, Krishna Mohan and Rajarathnam, Krishna},
    number = {8},
    month = {2},
    pages = {4247--4255},
    volume = {291},
    url = {http://www.jbc.org/lookup/doi/10.1074/jbc.M115.697888},
    doi = {10.1074/jbc.M115.697888},
    issn = {0021-9258}
}

@article{Satoh2013Design,
    title = {{Design of chemical glycosyl donors: does changing ring conformation influence selectivity/reactivity? †}},
    year = {2013},
    journal = {Chem. Soc. Rev},
    author = {Satoh, Hiroko and Manabe, Shino},
    pages = {4297},
    volume = {42},
    url = {www.rsc.org/csr},
    doi = {10.1039/c3cs35457a}
}

@article{Samsonov2011DockingInclusion,
    title = {{Docking glycosaminoglycans to proteins: analysis of solvent inclusion}},
    year = {2011},
    journal = {J. Comp. Aided Mol. Des.},
    author = {Samsonov, Sergey A. and Teyra, Joan and Pisabarro, M. Teresa},
    number = {5},
    month = {5},
    pages = {477--489},
    volume = {25},
    publisher = {Springer Netherlands},
    url = {http://link.springer.com/10.1007/s10822-011-9433-1},
    doi = {10.1007/s10822-011-9433-1},
    issn = {0920-654X}
}

@article{Bitomsky1999DockingIL-8,
    title = {{Docking of Glycosaminoglycans to Heparin-Binding Proteins: Validation for aFGF, bFGF, and Antithrombin and Application to IL-8}},
    year = {1999},
    author = {Bitomsky, Wolfgang and Wade, Rebecca C},
    url = {https://pubs.acs.org/sharingguidelines},
    isbn = {1468314688},
    doi = {10.1021/ja983319g}
}

@article{Kadukova2018Docking2,
    title = {{Docking of small molecules to farnesoid X receptors using AutoDock Vina with the Convex-PL potential: lessons learned from D3R Grand Challenge 2}},
    year = {2018},
    journal = {Journal of Computer-Aided Molecular Design},
    author = {Kadukova, Maria and Grudinin, Sergei},
    number = {1},
    month = {1},
    pages = {151--162},
    volume = {32},
    publisher = {Springer International Publishing},
    url = {http://link.springer.com/10.1007/s10822-017-0062-1},
    doi = {10.1007/s10822-017-0062-1},
    issn = {0920-654X}
}

@article{Mayo1990DREIDING:Simulations,
    title = {{DREIDING: a generic force field for molecular simulations}},
    year = {1990},
    journal = {J. Phys. Chem.},
    author = {Mayo, Stephen L. and Olafson, Barry D. and Goddard, William A.},
    number = {26},
    month = {12},
    pages = {8897--8909},
    volume = {94},
    publisher = {American Chemical Society},
    url = {http://pubs.acs.org/doi/abs/10.1021/j100389a010},
    doi = {10.1021/j100389a010},
    issn = {0022-3654}
}

@inproceedings{Szilagyi2013EfficientGrouping,
    title = {{Efficient Markov clustering algorithm for protein sequence grouping}},
    year = {2013},
    booktitle = {2013 35th Annual International Conference of the IEEE Engineering in Medicine and Biology Society (EMBC)},
    author = {Szil{\'{a}}gyi, L and Szil{\'{a}}gyi, S M},
    pages = {639--642},
    isbn = {1094-687X VO  -},
    doi = {10.1109/EMBC.2013.6609581},
    keywords = {Accuracy, Algorithms, Amino Acid Sequence, Cluster Analysis, Clustering algorithms, Databases, Databases, Protein, Markov Chains, Markov processes, Partitioning algorithms, Proteins, SCOP95 database, Sequence Analysis, Protein, Symmetric matrices, columns reordering, computation time, convergence, efficiency, efficient Markov clustering algorithm, optimal reordering, pairwise similarity information, partition accuracy, pattern clustering, protein sequence grouping, proteins, proteomics, rows reordering, similarity matrix, sparse matrices, sparse matrix representation}
}

@article{Zsoldos2007EHiTS:System,
    title = {{eHiTS: A new fast, exhaustive flexible ligand docking system}},
    year = {2007},
    journal = {J. Mol. Graph. Model.},
    author = {Zsoldos, Zsolt and Reid, Darryl and Simon, Aniko and Sadjad, Sayyed Bashir and Johnson, A. Peter},
    number = {1},
    month = {7},
    pages = {198--212},
    volume = {26},
    publisher = {Elsevier},
    url = {https://www.sciencedirect.com/science/article/pii/S1093326306000994?via%3Dihub},
    doi = {10.1016/J.JMGM.2006.06.002},
    issn = {1093-3263}
}

@article{KorbEmpiricalPLANTS,
    title = {{Empirical Scoring Functions for Advanced Protein-Ligand Docking with PLANTS}},
    author = {Korb, Oliver and St{\"{u}}tzle, Thomas and Exner, Thomas E},
    url = {https://pubs.acs.org/sharingguidelines},
    doi = {10.1021/ci800298z}
}

@article{Ellyard2007Eotaxin,
    title = {{Eotaxin Selectively Binds Heparin AN INTERACTION THAT PROTECTS EOTAXIN FROM PROTEOLYSIS AND POTENTIATES CHEMOTACTIC ACTIVITY IN VIVO *}},
    year = {2007},
    author = {Ellyard, Julia I and Simson, Ljubov and Bezos, Anna and Johnston, Kellie and Freeman, Craig and Parish, Christopher R},
    url = {http://www.jbc.org/},
    doi = {10.1074/jbc.M608046200}
}

@article{Pol-Fachin2014ExtensionGlycoproteins,
    title = {{Extension and validation of the GROMOS 53A6 glyc parameter set for glycoproteins}},
    year = {2014},
    journal = {J. Comput. Chem.},
    author = {Pol-Fachin, Laercio and Verli, Hugo and Lins, Roberto D.},
    number = {29},
    month = {11},
    pages = {2087--2095},
    volume = {35},
    url = {http://www.ncbi.nlm.nih.gov/pubmed/25196137 http://doi.wiley.com/10.1002/jcc.23721},
    doi = {10.1002/jcc.23721},
    issn = {01928651},
    pmid = {25196137},
    keywords = {carbohydrate, force field, glycosylation, molecular dynamics, sugar}
}

@article{Xiong2015ForceSimulation,
    title = {{Force fields and scoring functions for carbohydrate simulation}},
    year = {2015},
    journal = {Carbohydr. Res.},
    author = {Xiong, Xiuming and Chen, Zhaoqiang and Cossins, Benjamin P. and Xu, Zhijian and Shao, Qiang and Ding, Kai and Zhu, Weiliang and Shi, Jiye},
    month = {1},
    pages = {73--81},
    volume = {401},
    publisher = {Elsevier},
    url = {https://www.sciencedirect.com/science/article/pii/S0008621514004017?via%3Dihub},
    doi = {10.1016/J.CARRES.2014.10.028}
}

@article{Dommert2012ForceDevelopments,
    title = {{Force Fields for Studying the Structure and Dynamics of Ionic Liquids: A Critical Review of Recent Developments}},
    year = {2012},
    journal = {ChemPhysChem},
    author = {Dommert, Florian and Wendler, Katharina and Berger, Robert and Delle Site, Luigi and Holm, Christian},
    number = {7},
    month = {5},
    pages = {1625--1637},
    volume = {13},
    publisher = {Wiley-Blackwell},
    url = {http://doi.wiley.com/10.1002/cphc.201100997},
    doi = {10.1002/cphc.201100997},
    issn = {14394235},
    keywords = {density functional calculations, force fields, ionic liquids, molecular dynamics, molecular modeling}
}

@techreport{Wang2002FurtherPrediction,
    title = {{Further development and validation of empirical scoring functions for structure-based binding affinity prediction}},
    year = {2002},
    booktitle = {Journal of Computer-Aided Molecular Design},
    author = {Wang, Renxiao and Lai, Luhua and Wang, Shaomeng},
    pages = {11--26},
    volume = {16},
    url = {http://www.sioc-ccbg.ac.cn/skins/ccbgwebsite/software/xscore/manual/xscore.pdf},
    keywords = {binding affinity prediction, consensus scoring, empirical scoring molecular docking, structure-based drug design}
}

@article{Anderson2008GeneralUnits,
    title = {{General purpose molecular dynamics simulations fully implemented on graphics processing units}},
    year = {2008},
    journal = {J. Comput. Phys.},
    author = {Anderson, Joshua A. and Lorenz, Chris D. and Travesset, A.},
    number = {10},
    month = {5},
    pages = {5342--5359},
    volume = {227},
    publisher = {Academic Press},
    url = {https://www.sciencedirect.com/science/article/pii/S0021999108000818},
    doi = {10.1016/J.JCP.2008.01.047},
    issn = {0021-9991}
}

@article{Samsonov2014GlycosaminoglycanResonance.,
    title = {{Glycosaminoglycan monosaccharide blocks analysis by quantum mechanics, molecular dynamics, and nuclear magnetic resonance.}},
    year = {2014},
    journal = {BioMed research international},
    author = {Samsonov, Sergey A and Theisgen, Stephan and Riemer, Thomas and Huster, Daniel and Pisabarro, M Teresa},
    month = {4},
    pages = {808071},
    volume = {2014},
    publisher = {Hindawi},
    url = {http://www.ncbi.nlm.nih.gov/pubmed/24804247 http://www.pubmedcentral.nih.gov/articlerender.fcgi?artid=PMC3997902},
    doi = {10.1155/2014/808071},
    issn = {2314-6141},
    pmid = {24804247}
}

@article{Lutteke2006GLYCOSCIENCES.de:Research,
    title = {{GLYCOSCIENCES.de: an Internet portal to support glycomics and glycobiology research}},
    year = {2006},
    journal = {Glycobiology},
    author = {L{\"{u}}tteke, Thomas and Bohne-Lang, Andreas and Loss, Alexander and Goetz, Thomas and Frank, Martin and von der Lieth, Claus-W.},
    number = {5},
    month = {5},
    pages = {71R-81R},
    volume = {16},
    url = {http://www.ncbi.nlm.nih.gov/pubmed/16239495 http://academic.oup.com/glycob/article/16/5/71R/572344/GLYCOSCIENCESde-an-Internet-portal-to-support},
    doi = {10.1093/glycob/cwj049},
    issn = {1460-2423},
    pmid = {16239495}
}

@article{Lunin2004High-resolutionMechanism,
    title = {{High-resolution Crystal Structure of Arthrobacter aurescens Chondroitin AC Lyase: An Enzyme–Substrate Complex Defines the Catalytic Mechanism}},
    year = {2004},
    journal = {Journal of Molecular Biology},
    author = {Lunin, Vladimir V. and Li, Yunge and Linhardt, Robert J. and Miyazono, Hirofumi and Kyogashima, Mamoru and Kaneko, Takuji and Bell, Alexander W. and Cygler, Miroslaw},
    number = {2},
    month = {3},
    pages = {367--386},
    volume = {337},
    publisher = {Academic Press},
    url = {https://www.sciencedirect.com/science/article/pii/S0022283604000269?via%3Dihub},
    doi = {10.1016/J.JMB.2003.12.071},
    issn = {0022-2836}
}

@article{Remko2013HowHeparin,
    title = {{How acidic are monomeric structural units of heparin?}},
    year = {2013},
    journal = {Chemical Physics Letters},
    author = {Remko, Milan and Broer, Ria and Van Duijnen, Piet Th},
    pages = {187--191},
    volume = {590},
    url = {http://dx.doi.org/10.1016/j.cplett.2013.10.062},
    doi = {10.1016/j.cplett.2013.10.062}
}

@article{Shoichet1999LigandDocking,
    title = {{Ligand solvation in molecular docking}},
    year = {1999},
    journal = {Proteins: Structure, Function, and Genetics},
    author = {Shoichet, Brian K. and Leach, Andrew R. and Kuntz, Irwin D.},
    number = {1},
    month = {1},
    pages = {4--16},
    volume = {34},
    publisher = {Wiley-Blackwell},
    url = {http://doi.wiley.com/10.1002/%28SICI%291097-0134%2819990101%2934%3A1%3C4%3A%3AAID-PROT2%3E3.0.CO%3B2-6},
    doi = {10.1002/(SICI)1097-0134(19990101)34:1<4::AID-PROT2>3.0.CO;2-6},
    issn = {0887-3585},
    keywords = {computer‐aided drug design, database search, molecular docking, solvation, structure‐based drug design}
}

@article{Ain2015Machine-learningScreening.,
    title = {{Machine-learning scoring functions to improve structure-based binding affinity prediction and virtual screening.}},
    year = {2015},
    journal = {Wiley interdisciplinary reviews. Computational molecular science},
    author = {Ain, Qurrat Ul and Aleksandrova, Antoniya and Roessler, Florian D and Ballester, Pedro J},
    number = {6},
    pages = {405--424},
    volume = {5},
    publisher = {Wiley-Blackwell},
    url = {http://www.ncbi.nlm.nih.gov/pubmed/27110292 http://www.pubmedcentral.nih.gov/articlerender.fcgi?artid=PMC4832270},
    doi = {10.1002/wcms.1225},
    issn = {1759-0876},
    pmid = {27110292}
}

@article{Poluri2013MolecularDimer,
    title = {{Molecular Basis of Glycosaminoglycan Heparin Binding to the Chemokine CXCL1 Dimer}},
    year = {2013},
    journal = {Journal of Biological Chemistry},
    author = {Poluri, Krishna Mohan and Joseph, Prem Raj B. and Sawant, Kirti V. and Rajarathnam, Krishna},
    number = {35},
    month = {8},
    pages = {25143--25153},
    volume = {288},
    url = {http://www.jbc.org/lookup/doi/10.1074/jbc.M113.492579},
    doi = {10.1074/jbc.M113.492579},
    issn = {0021-9258}
}

@article{Shoichet1992MolecularDescriptors,
    title = {{Molecular docking using shape descriptors}},
    year = {1992},
    journal = {J. Comput. Chem.},
    author = {Shoichet, Brian K. and Kuntz, Irwin D. and Bodian, Dale L.},
    number = {3},
    month = {4},
    pages = {380--397},
    volume = {13},
    publisher = {Wiley-Blackwell},
    url = {http://doi.wiley.com/10.1002/jcc.540130311},
    doi = {10.1002/jcc.540130311},
    issn = {0192-8651}
}

@article{Kearnes2016MolecularFingerprints,
    title = {{Molecular graph convolutions: moving beyond fingerprints}},
    year = {2016},
    journal = {Journal of Computer-Aided Molecular Design},
    author = {Kearnes, Steven and McCloskey, Kevin and Berndl, Marc and Pande, Vijay and Riley, Patrick},
    number = {8},
    month = {8},
    pages = {595--608},
    volume = {30},
    url = {http://www.ncbi.nlm.nih.gov/pubmed/27558503 http://www.pubmedcentral.nih.gov/articlerender.fcgi?artid=PMC5028207 http://link.springer.com/10.1007/s10822-016-9938-8},
    doi = {10.1007/s10822-016-9938-8},
    issn = {0920-654X},
    pmid = {27558503},
    keywords = {Artificial neural networks, Deep learning, Machine learning, Molecular descriptors, Virtual screening}
}

@article{and2004NoncovalentResidues,
    title = {{Noncovalent Binding between Guanidinium and Anionic Groups:  Focus on Biological- and Synthetic-Based Arginine/Guanidinium Interactions with Phosph[on]ate and Sulf[on]ate Residues}},
    year = {2004},
    author = {and, Kevin A. Schug* and Lindner, Wolfgang},
    publisher = { American Chemical Society },
    url = {https://pubs.acs.org/doi/full/10.1021/cr040603j?src=recsys},
    doi = {10.1021/CR040603J}
}

@article{Ng2001OnAlgorithm,
    title = {{On spectral clustering: analysis and an algorithm}},
    year = {2001},
    journal = {Proceedings of the 14th International Conference on Neural Information Processing Systems: Natural and Synthetic},
    author = {Ng, Andrew Y. and Jordan, Michael I. and Weiss, Yair},
    pages = {849--856},
    publisher = {MIT Press},
    url = {https://dl.acm.org/citation.cfm?id=2980649}
}

@article{Eastman2017OpenMMDynamics,
    title = {{OpenMM 7: Rapid development of high performance algorithms for molecular dynamics}},
    year = {2017},
    journal = {PLOS Computational Biology},
    author = {Eastman, Peter and Swails, Jason and Chodera, John D. and McGibbon, Robert T. and Zhao, Yutong and Beauchamp, Kyle A. and Wang, Lee-Ping and Simmonett, Andrew C. and Harrigan, Matthew P. and Stern, Chaya D. and Wiewiora, Rafal P. and Brooks, Bernard R. and Pande, Vijay S.},
    editor = {Gentleman, Robert},
    number = {7},
    month = {7},
    pages = {e1005659},
    volume = {13},
    publisher = {Public Library of Science},
    url = {https://dx.plos.org/10.1371/journal.pcbi.1005659},
    doi = {10.1371/journal.pcbi.1005659},
    issn = {1553-7358}
}

@article{Eastman2017OpenMMDynamicsb,
    title = {{OpenMM 7: Rapid development of high performance algorithms for molecular dynamics}},
    year = {2017},
    journal = {PLOS Computational Biology},
    author = {Eastman, Peter and Swails, Jason and Chodera, John D and McGibbon, Robert T and Zhao, Yutong and Beauchamp, Kyle A and Wang, Lee-Ping and Simmonett, Andrew C and Harrigan, Matthew P and Stern, Chaya D and Wiewiora, Rafal P and Brooks, Bernard R and Pande, Vijay S},
    number = {7},
    month = {7},
    pages = {e1005659},
    volume = {13},
    publisher = {Public Library of Science},
    url = {https://doi.org/10.1371/journal.pcbi.1005659}
}

@article{Lutteke2004Pdb-careFiles.,
    title = {{pdb-care (PDB carbohydrate residue check): a program to support annotation of complex carbohydrate structures in PDB files.}},
    year = {2004},
    journal = {BMC bioinformatics},
    author = {L{\"{u}}tteke, Thomas and von der Lieth, Claus-W},
    month = {6},
    pages = {69},
    volume = {5},
    publisher = {BioMed Central},
    url = {http://www.ncbi.nlm.nih.gov/pubmed/15180909 http://www.pubmedcentral.nih.gov/articlerender.fcgi?artid=PMC441419},
    doi = {10.1186/1471-2105-5-69},
    issn = {1471-2105},
    pmid = {15180909}
}

@article{Lutteke2004Pdb-careFiles.b,
    title = {{pdb-care (PDB carbohydrate residue check): a program to support annotation of complex carbohydrate structures in PDB files.}},
    year = {2004},
    journal = {BMC bioinformatics},
    author = {L{\"{u}}tteke, Thomas and von der Lieth, Claus-W},
    month = {6},
    pages = {69},
    volume = {5},
    publisher = {BioMed Central},
    url = {http://www.ncbi.nlm.nih.gov/pubmed/15180909 http://www.pubmedcentral.nih.gov/articlerender.fcgi?artid=PMC441419},
    doi = {10.1186/1471-2105-5-69},
    issn = {1471-2105},
    pmid = {15180909}
}

@article{Dolinsky2004PDB2PQR:Calculations,
    title = {{PDB2PQR: an automated pipeline for the setup of Poisson-Boltzmann electrostatics calculations}},
    year = {2004},
    journal = {Nucleic acids research},
    author = {Dolinsky, Todd J and Nielsen, Jens E and McCammon, J Andrew and Baker, Nathan A},
    number = {Web Server issue},
    month = {7},
    pages = {W665-W667},
    volume = {32},
    publisher = {Oxford University Press},
    url = {https://www.ncbi.nlm.nih.gov/pubmed/15215472 https://www.ncbi.nlm.nih.gov/pmc/PMC441519/},
    doi = {10.1093/nar/gkh381},
    issn = {1362-4962}
}

@article{Daura1999PeptideExperiment,
    title = {{Peptide Folding: When Simulation Meets Experiment}},
    year = {1999},
    journal = {Angewandte Chemie International Edition},
    author = {Daura, Xavier and Gademann, Karl and Jaun, Bernhard and Seebach, Dieter and van Gunsteren, Wilfred F. and Mark, Alan E.},
    number = {1-2},
    month = {1},
    pages = {236--240},
    volume = {38},
    publisher = {John Wiley {\&} Sons, Ltd},
    url = {http://doi.wiley.com/10.1002/%28SICI%291521-3773%2819990115%2938%3A1/2%3C236%3A%3AAID-ANIE236%3E3.0.CO%3B2-M},
    doi = {10.1002/(SICI)1521-3773(19990115)38:1/2<236::AID-ANIE236>3.0.CO;2-M},
    issn = {1433-7851},
    keywords = {Computer chemistry, Conformation analysis, Molecular dynamics, Peptide folding, Peptides}
}

@article{Kudchadkar2008PI-88:Angiogenesis,
    title = {{PI-88: a novel inhibitor of angiogenesis}},
    year = {2008},
    journal = {Expert Opinion on Investigational Drugs},
    author = {Kudchadkar, Ragini and Gonzalez, Rene and Lewis, Karl D},
    number = {11},
    month = {11},
    pages = {1769--1776},
    volume = {17},
    publisher = {Taylor {\&} Francis},
    url = {http://www.tandfonline.com/doi/full/10.1517/13543784.17.11.1769},
    doi = {10.1517/13543784.17.11.1769},
    issn = {1354-3784},
    keywords = {PI-88, angiogenesis, heparan sulfate, heparanase, hepatocellular carcinoma, lung cancer, melanoma, prostate cancer, vascular–endothelial growth factors}
}

@article{Anand2014PLIC:Clusters.,
    title = {{PLIC: protein--ligand interaction clusters.}},
    year = {2014},
    journal = {J. Biol. Database. Curation},
    author = {Anand, Praveen and Nagarajan, Deepesh and Mukherjee, Sumanta and Chandra, Nagasuma},
    pages = {Article ID bau029},
    publisher = {Oxford University Press},
    url = {http://www.ncbi.nlm.nih.gov/pubmed/24763918 http://www.pubmedcentral.nih.gov/articlerender.fcgi?artid=PMC3998096},
    doi = {10.1093/database/bau029},
    issn = {1758-0463},
    pmid = {24763918}
}

@article{Joseph2010ProbingReceptors,
    title = {{Probing the Role of CXC Motif in Chemokine CXCL8 for High Affinity Binding and Activation of CXCR1 and CXCR2 Receptors}},
    year = {2010},
    journal = {Journal of Biological Chemistry},
    author = {Joseph, Prem Raj B. and Sarmiento, Jose M. and Mishra, Anurag K. and Das, Sandhya T. and Garofalo, Roberto P. and Navarro, Javier and Rajarathnam, Krishna},
    number = {38},
    month = {9},
    pages = {29262--29269},
    volume = {285},
    url = {http://www.jbc.org/lookup/doi/10.1074/jbc.M110.146555},
    doi = {10.1074/jbc.M110.146555},
    issn = {0021-9258}
}

@article{Raschka2018Protein-ligandComplexes,
    title = {{Protein-ligand interfaces are polarized: discovery of a strong trend for intermolecular hydrogen bonds to favor donors on the protein side with implications for predicting and designing ligand complexes}},
    year = {2018},
    journal = {Journal of Computer-Aided Molecular Design},
    author = {Raschka, Sebastian and Wolf, Alex J and Bemister-Buffington, Joseph and Leslie, · and Kuhn, A},
    pages = {511--528},
    volume = {32},
    url = {https://doi.org/10.1007/s10822-018-0105-2},
    isbn = {0123456789},
    doi = {10.1007/s10822-018-0105-2},
    keywords = {Drug design, Interaction patterns, Ligand optimization, Lipinski’s Rule of 5, Protein–ligand recognition, Specificity determinants}
}

@techreport{Shi2000RegulationCells,
    title = {{Regulation of Interleukin-8 Expression by Cellular pH in Human Pancreatic Adenocarcinoma Cells}},
    year = {2000},
    booktitle = {JOURNAL OF INTERFERON AND CYTOKINE RESEARCH},
    author = {Shi, Qian and Le, Xiangdong and Wang, Bailiang and Xiong, Qinghua and Abbruzzese, James L and Xie, Keping},
    pages = {1023--1028},
    volume = {20},
    publisher = {Mary Ann Liebert, Inc},
    url = {www.liebertpub.com}
}

@article{Bostrom2001ReproducingTools,
    title = {{Reproducing the conformations of protein-bound ligands: A critical evaluation of several popular conformational searching tools}},
    year = {2001},
    journal = {J. Comp. Aided Mol. Des.},
    author = {Bostr{\"{o}}m, Jonas},
    pages = {1137--1152},
    volume = {15},
    url = {https://link.springer.com/content/pdf/10.1023%2FA%3A1015930826903.pdf},
    keywords = {Catalyst, Confort, Flo99, MacroModel, Omega, bioactive conformation, comparison, conformational analysis, high-resolution X-ray crystallography}
}

@techreport{RulesDerivatives,
    title = {{Rules for Conformation Nomenclature for Five-and Six-membered Rings in Monosaccharides and their Derivatives}},
    url = {https://pubs-rsc-org.ezproxy.library.uq.edu.au/en/content/articlepdf/1973/c3/c39730000505}
}

@article{Kurczab2018SaltInvestigations,
    title = {{Salt Bridge in Ligand−Protein ComplexesSystematic Theoretical and Statistical Investigations}},
    year = {2018},
    journal = {J. Chem. Inf. Model},
    author = {Kurczab, Rafał and Pawe{\l}, † and Liwa, S ́ and Rataj, Krzysztof and Kafel, Rafał and Bojarski, Andrzej J},
    pages = {2224--2238},
    volume = {58},
    url = {http://skandal.if-pan.krakow.pl/},
    doi = {10.1021/acs.jcim.8b00266}
}

@article{Kerzmann2006SLICKInteractions,
    title = {{SLICK − Scoring and Energy Functions for Protein−Carbohydrate Interactions}},
    year = {2006},
    journal = {J. Chem. Inf. Model.},
    author = {Kerzmann, A and Neumann, D and Kohlbacher, O},
    number = {4},
    pages = {1635--1642},
    volume = {46},
    publisher = {American Chemical Society},
    url = {https://pubs-acs-org.ezproxy.library.uq.edu.au/doi/abs/10.1021/ci050422y},
    doi = {10.1021/CI050422Y}
}

@article{Haselhorst2007STDCore,
    title = {{STD NMR spectroscopy and molecular modeling investigation of the binding of N-acetylneuraminic acid derivatives to rhesus rotavirus VP8* core}},
    year = {2007},
    journal = {Glycobiology},
    author = {Haselhorst, Thomas and Blanchard, Helen and Frank, Martin and Kraschnefski, Mark J. and Kiefel, Milton J. and Szyczew, Alex J. and Dyason, Jeffery C. and Fleming, Fiona and Holloway, Gavan and Coulson, Barbara S. and von Itzstein, Mark},
    number = {1},
    month = {1},
    pages = {68--81},
    volume = {17},
    publisher = {Oxford University Press},
    url = {http://academic.oup.com/glycob/article/17/1/68/715714/STD-NMR-spectroscopy-and-molecular-modeling},
    doi = {10.1093/glycob/cwl051},
    issn = {1460-2423}
}

@article{Agirre2017StrategiesValidation.,
    title = {{Strategies for carbohydrate model building, refinement and validation.}},
    year = {2017},
    journal = {Acta crystallographica. Section D, Structural biology},
    author = {Agirre, Jon},
    number = {Pt 2},
    pages = {171--186},
    volume = {73},
    publisher = {International Union of Crystallography},
    url = {http://www.ncbi.nlm.nih.gov/pubmed/28177313 http://www.pubmedcentral.nih.gov/articlerender.fcgi?artid=PMC5297920},
    doi = {10.1107/S2059798316016910},
    issn = {2059-7983},
    pmid = {28177313},
    keywords = {carbohydrates, conformation, glycosylation, restraints, validation}
}

@article{2004StructuralProteins,
    title = {{Structural analysis of cation–{$\pi$} interactions in DNA binding proteins}},
    year = {2004},
    journal = {Int. J. Biol. Macromolecules},
    number = {3},
    month = {6},
    pages = {203--211},
    volume = {34},
    publisher = {Elsevier},
    url = {https://www.sciencedirect.com/science/article/pii/S0141813004000212},
    doi = {10.1016/J.IJBIOMAC.2004.04.003},
    issn = {0141-8130}
}

@article{Brown2017StructuralHeparin,
    title = {{Structural Basis of Native CXCL7 Monomer Binding to CXCR2 Receptor N-Domain and Glycosaminoglycan Heparin}},
    year = {2017},
    journal = {International Journal of Molecular Sciences},
    author = {Brown, Aaron and Sepuru, Krishna and Rajarathnam, Krishna},
    number = {3},
    month = {2},
    pages = {508},
    volume = {18},
    url = {http://www.mdpi.com/1422-0067/18/3/508},
    doi = {10.3390/ijms18030508},
    issn = {1422-0067}
}

@article{1994StructureComplexes,
    title = {{Structure and energetics of protein-carbohydrate complexes}},
    year = {1994},
    journal = {Curr. Op. Struct. Bio.},
    number = {5},
    month = {10},
    pages = {719--728},
    volume = {4},
    publisher = {Elsevier Current Trends},
    url = {https://www.sciencedirect.com/science/article/pii/S0959440X94901708?via%3Dihub},
    doi = {10.1016/S0959-440X(94)90170-8},
    issn = {0959-440X}
}

@article{Laskowski1995SURFNET:Interactions,
    title = {{SURFNET: A program for visualizing molecular surfaces, cavities, and intermolecular interactions}},
    year = {1995},
    journal = {J. Mol. Graph. Model.},
    author = {Laskowski, Roman A.},
    number = {5},
    month = {10},
    pages = {323--330},
    volume = {13},
    publisher = {Elsevier},
    url = {https://www.sciencedirect.com/science/article/pii/0263785595000739},
    doi = {10.1016/0263-7855(95)00073-9},
    issn = {0263-7855}
}

@article{Peters1996TheCriteria,
    title = {{The Automatic Search for Ligand Binding Sites in Proteins of Known Three-dimensional Structure Using only Geometric Criteria}},
    year = {1996},
    journal = {J. Mol. Graph. Model.},
    author = {Peters, Klaus P. and Fauck, Jana and Fr{\"{o}}mmel, Cornelius},
    number = {1},
    month = {2},
    pages = {201--213},
    volume = {256},
    url = {http://www.ncbi.nlm.nih.gov/pubmed/8609611 http://linkinghub.elsevier.com/retrieve/pii/S0022283696900777},
    doi = {10.1006/jmbi.1996.0077},
    issn = {00222836},
    pmid = {8609611}
}

@article{Parish2006TheInflammation,
    title = {{The role of heparan sulphate in inflammation}},
    year = {2006},
    journal = {Nature Reviews Immunology},
    author = {Parish, Christopher R.},
    number = {9},
    month = {9},
    pages = {633--643},
    volume = {6},
    url = {http://www.nature.com/articles/nri1918},
    doi = {10.1038/nri1918},
    issn = {1474-1733}
}

@article{Mulloy2005ThePolysaccharides,
    title = {{The specificity of interactions between proteins and sulfated polysaccharides}},
    year = {2005},
    journal = {Anais da Academia Brasileira de Ci{\^{e}}ncias},
    author = {Mulloy, Barbara},
    number = {4},
    month = {12},
    pages = {651--664},
    volume = {77},
    publisher = {Academia Brasileira de Ci{\^{e}}ncias},
    url = {http://www.scielo.br/scielo.php?script=sci_arttext&pid=S0001-37652005000400007&lng=en&tlng=en},
    doi = {10.1590/S0001-37652005000400007},
    issn = {0001-3765}
}

@article{vanBoeckel1993TheAntithrombotics,
    title = {{The Unique Antithrombin III Binding Domain of Heparin: A Lead to New Synthetic Antithrombotics}},
    year = {1993},
    journal = {Angewandte Chemie International Edition in English},
    author = {van Boeckel, Constant A. A. and Petitou, Maurice},
    number = {12},
    month = {12},
    pages = {1671--1690},
    volume = {32},
    publisher = {John Wiley {\&} Sons, Ltd},
    url = {http://doi.wiley.com/10.1002/anie.199316713},
    doi = {10.1002/anie.199316713},
    issn = {0570-0833},
    keywords = {Antithrombotics, Enzyme inhibitors, Heparin, Proteases}
}

@article{Tantillo1998TheozymesCatalysis,
    title = {{Theozymes and compuzymes: theoretical models for biological catalysis}},
    year = {1998},
    journal = {Current Opinion in Chemical Biology},
    author = {Tantillo, Dean J and Jiangang, Chen and Houk, Kendall N},
    number = {6},
    month = {1},
    pages = {743--750},
    volume = {2},
    publisher = {Elsevier Current Trends},
    url = {https://www.sciencedirect.com/science/article/pii/S1367593198801129},
    doi = {10.1016/S1367-5931(98)80112-9},
    issn = {1367-5931}
}

@article{Lyu2019Ultra-largeChemotypes,
    title = {{Ultra-large library docking for discovering new chemotypes}},
    year = {2019},
    journal = {Nature},
    author = {Lyu, Jiankun and Wang, Sheng and Balius, Trent E. and Singh, Isha and Levit, Anat and Moroz, Yurii S. and O’Meara, Matthew J. and Che, Tao and Algaa, Enkhjargal and Tolmachova, Kateryna and Tolmachev, Andrey A. and Shoichet, Brian K. and Roth, Bryan L. and Irwin, John J.},
    number = {7743},
    month = {2},
    pages = {224--229},
    volume = {566},
    publisher = {Nature Publishing Group},
    url = {http://www.nature.com/articles/s41586-019-0917-9},
    doi = {10.1038/s41586-019-0917-9},
    issn = {0028-0836},
    keywords = {Chemical libraries}
}

@article{Mayr2018UnravellingInfection,
    title = {{Unravelling the Role of O-glycans in Influenza A Virus Infection}},
    year = {2018},
    journal = {Scientific Reports},
    author = {Mayr, Juliane and Lau, Kam and Lai, Jimmy C. C. and Gagarinov, Ivan A. and Shi, Yun and McAtamney, Sarah and Chan, Renee W. Y. and Nicholls, John and von Itzstein, Mark and Haselhorst, Thomas},
    number = {1},
    month = {12},
    pages = {16382},
    volume = {8},
    publisher = {Nature Publishing Group},
    url = {http://www.nature.com/articles/s41598-018-34175-3},
    doi = {10.1038/s41598-018-34175-3},
    issn = {2045-2322},
    keywords = {Carbohydrates, Chemical synthesis, NMR spectroscopy, Structural biology}
}

@incollection{vanDongen2012UsingNetworks,
    title = {{Using MCL to Extract Clusters from Networks}},
    year = {2012},
    booktitle = {Methods in molecular biology},
    author = {van Dongen, Stijn and Abreu-Goodger, Cei},
    pages = {281--295},
    volume = {804},
    url = {http://www.ncbi.nlm.nih.gov/pubmed/22144159 http://link.springer.com/10.1007/978-1-61779-361-5_15},
    doi = {10.1007/978-1-61779-361-5{\_}15},
    issn = {1940-6029},
    pmid = {22144159}
}

@article{Quiroga2016Vinardo:Screening,
    title = {{Vinardo: A Scoring Function Based on Autodock Vina Improves Scoring, Docking, and Virtual Screening}},
    year = {2016},
    journal = {PLOS ONE},
    author = {Quiroga, Rodrigo and Villarreal, Marcos A.},
    editor = {Sticht, Heinrich},
    number = {5},
    month = {5},
    pages = {e0155183},
    volume = {11},
    publisher = {Public Library of Science},
    url = {https://dx.plos.org/10.1371/journal.pone.0155183},
    doi = {10.1371/journal.pone.0155183},
    issn = {1932-6203}
}

@article{Pagnotta2010WaterOther,
    title = {{Water and Trehalose: How Much Do They Interact with Each Other?}},
    year = {2010},
    journal = {The Journal of Physical Chemistry B},
    author = {Pagnotta, S. E. and McLain, S. E. and Soper, A. K. and Bruni, F. and Ricci, M. A.},
    number = {14},
    month = {4},
    pages = {4904--4908},
    volume = {114},
    publisher = { American Chemical Society},
    url = {http://pubs.acs.org/doi/abs/10.1021/jp911940h},
    doi = {10.1021/jp911940h},
    issn = {1520-6106}
}

@article{Meyer2016WhyOpportunity,
    title = {{Why should we demand equality of educational opportunity?}},
    year = {2016},
    journal = {Theory and Research in Education},
    author = {Meyer, Kirsten},
    number = {3},
    month = {11},
    pages = {333--347},
    volume = {14},
    url = {http://journals.sagepub.com/doi/10.1177/1477878516676709},
    doi = {10.1177/1477878516676709},
    issn = {1477-8785}
}

@article{Chen2003ZDOCK:Algorithm,
    title = {{ZDOCK: An initial-stage protein-docking algorithm}},
    year = {2003},
    journal = {Prot. Struct. Funct. Gen.},
    author = {Chen, Rong and Li, Li and Weng, Zhiping},
    number = {1},
    month = {7},
    pages = {80--87},
    volume = {52},
    publisher = {Wiley-Blackwell},
    url = {http://doi.wiley.com/10.1002/prot.10389},
    doi = {10.1002/prot.10389},
    issn = {0887-3585},
    keywords = {ZDOCK, binding free energy, initial‐stage docking, pairwise shape complementarity, protein docking, scoring function, shape complementarity}
}